
@inproceedings{SK16,
	Author = {Shaikhha, Amir and Klonatos, Ioannis and Parreaux, Lionel Emile Vincent and Brown, Lewis and Dashti Rahmat Abadi, Mohammad and Koch, Christoph},
	Booktitle = {SIGMOD},
	Date-Added = {2016-12-16 21:25:31 +0000},
	Date-Modified = {2016-12-16 21:25:34 +0000},
	Number = {EPFL-CONF-218087},
	Title = {How to Architect a Query Compiler},
	Year = {2016}
	}


@article{N11,
	Author = {Neumann, T.},
	Journal = {PVLDB},
	Number = {9},
	Pages = {539--550},
	Title = {Efficiently compiling efficient query plans for modern hardware},
	Volume = {4},
	Year = {2011}}
