@InProceedings{BARHAM:2003:XAV,
    author = {Barham, Paul and Dragovic, Boris and Fraser, Keir and Hand, Steven and Harris, Tim and Ho, Alex and Neugebauer, Rolf and Pratt, Ian and Warfield, Andrew},
    title = {Xen and the Art of Virtualization},
    booktitle = {Proceedings of the $19^{th}$ ACM Symposium on Operating Systems Principles (SOSP 2003)},
    year = {2003},
    month = oct,
    pages = {164--177},
}

@Article{JASPER:1969:CHKPOINT,
    author = {Jasper, David P.},
    title = {A Discussion of Checkpoint/Restart},
    journal = {Software Age},
    month = oct,
    year = {1969},
}

@TechReport{DOE-EXASCALE,
    title={The Opportunities and Challenges of Exascale Computing},
    author={{Advanced Scientific Computing Advisory Committee}},
    year={2010},
    month={Fall},
    institution={Department of Energy}
}

@TechReport{DOE-PROG-WORKSHOP-11,
    title={{ASCR} Programming Challenges for Exascale Computing},
    author={Sachs, Sonia R. and Yelick, Katherine},
    year={2011},
    month = jul,
    institution={Department of Energy}
}

@Misc{INTEL-SDE,
    title={Intel Software Development Emulator},
    author={Intel},
    year={2012},
    month=nov,
    note={v. 5.31.0},
}

@PhdThesis{JONES:2007:IOS,
    author = {Jones, Stephen T.},
    advisor = {Arpaci{-Dusseau}, Remzi H.},
    title = {Implicit Operating System Awareness in a Virtual Machine Monitor},
    year = {2007},
    publisher = {University of Wisconsin at Madison},
    address = {Madison, WI, USA},
} 

@InProceedings{LI:2010:ICPADS,
	author={Bo Li and Jianxin Li and Tianyu Wo and Chunming Hu and Liang Zhong},
	booktitle={Proceedings of the $16t^{th}$ IEEE International Conference on Parallel and Distributed Systems (ICPADS 2010) },
	title={A {VMM}-Based System Call Interposition Framework for Program Monitoring},
	year={2010},
    pages={706--711},
	month=dec,
}

@InProceedings{JONES:2006:ATP,
    author = {Jones, Stephen T. and Arpaci-Dusseau, Andrea C. and Arpaci-Dusseau, Remzi H.},
    title = {{A}ntfarm: Tracking Processes in a Virtual Machine Environment},
    booktitle = {Proceedings of the 2006 USENIX Annual Technical Conference (USENIX ATC 2006)},
    year = {2006},
    month = jun 
}

@InProceedings{JONES:2006:GMB,
    author = {Jones, Stephen T. and Arpaci-Dusseau, Andrea C. and Arpaci-Dusseau, Remzi H.},
    title = {{G}eiger: Monitoring the Buffer Cache in a Virtual Machine Environment},
    booktitle = {Proceedings of the $12^{th}$ International Conference on Architectural Support for Programming Languages and Operating Systems (ASPLOS 2006)},
    month = oct,
    year = {2006},
    pages = {14--24},
}

@InProceedings{CHEN:2008:OVA,
    author = {Chen, Xiaoxin and Garfinkel, Tal and Lewis, E. Christopher and Subrahmanyam, Pratap and Waldspurger, Carl A. and Boneh, Dan and Dwoskin, Jeffrey and Ports, Dan R.K.},
    title = {{O}vershadow: a Virtualization-based Approach to Retrofitting Protection in Commodity Operating Systems},
    booktitle = {Proceedings of the $13^{th}$ International Conference on Architectural Support for Programming Languages and Operating Systems (ASPLOS 2008)},
    year = {2008},
    month = mar,
    pages = {2--13},
}

@InProceedings{KING:2006:SIM,
    author = {King, Samuel T. and Chen, Peter M. and Wang, Yi-Min and Verbowski, Chad and Wang, Helen J. and Lorch, Jacob R.},
    title = {{S}ub{V}irt: Implementing Malware With Virtual Machines},
    booktitle = {Proceedings of the $27^{th}$ IEEE Symposium on Security and Privacy (SP 2006)},
    year = {2006},
    month = may,
    pages = {314--327},
}

@InProceedings{JONES:2008:VHP,
    author = {Jones, Stephen T. and Arpaci-Dusseau, Andrea C. and Arpaci-Dusseau, Remzi H.},
    title = {{VMM}-based Hidden Process Detection and Identification Using {L}ycosid},
    booktitle = {Proceedings of the $4^{th}$ ACM SIGPLAN/SIGOPS international conference on Virtual execution environments (VEE 2008)},
    month = mar,
    year = {2008},
    pages = {91--100},
}

@InProceedings{GARFINKEL:2004:OSTIA, 
    title={{O}stia: A Delegating Architecture for Secure System Call Interposition},
    booktitle={Proceedings of the $11^{th}$ Network and Distributed System Security Symposium (NDSS 2004)},
    author={Garfinkel, Tal and Pfaff, Ben and Rosenblum, Mendel}, 
    month = feb,
    year={2004}, 
}

@InProceedings{RILEY:2008:GPK,
    author = {Riley, Ryan and Jiang, Xuxian and Xu, Dongyan},
    title = {Guest-Transparent Prevention of Kernel Rootkits with {VMM}-Based Memory Shadowing},
    booktitle = {Proceedings of the $11^{th}$ International Symposium on Recent Advances in Intrusion Detection (RAID 2008)},
    year = {2008},
    month = sep,
    pages = {1--20},
}

@InProceedings{LITTY:2008:HSI,
    author = {Litty, Lionel and Lagar-Cavilla, H. Andr\'{e}s and Lie, David},
    title = {Hypervisor Support for Identifying Covertly Executing Binaries},
    booktitle = {Proceedings of the $17^{th}$ USENIX Security Symposium (USENIX Security 2008)},
    year = {2008},
    month = jul # "\slash " # aug,
    pages = {243--258},
}

@InProceedings{CHEN:2001:VBR,
    author = {Chen, Peter M. and Noble, Brian D.},
    title = {When Virtual Is Better Than Real},
    booktitle = {Proceedings of the $8^{th}$ Workshop on Hot Topics in Operating Systems (HotOS 2001)},
    year = {2001},
    month = may,
    pages = {133--138},
}

@InProceedings{LANGE:2012:SSV,
    author = {Lange, John R. and Dinda, Peter},
    title = {{S}ym{C}all: Symbiotic Virtualization Through {VMM}-to-Guest Upcalls},
    booktitle = {Proceedings of the $7^{th}$ ACM SIGPLAN/SIGOPS International Conference on Virtual Execution Environments (VEE 2011)},
    year = {2011},
    month = mar,
    pages = {193--204},
}

@PhDThesis{LANGE:SYMB:2010,
    author = {Lange, John R.},
    advisor = {Dinda, Peter A.},
    title = {Symbiotic Virtualization},
    school= {Northwestern University},
    address = {Evanston, Illinois},
    year = {2010},
    month = dec,
}

@PhDThesis{XIA:2013:CONCORD,
	author = {Xia, Lei},
    advisor = {Dinda, Peter A.},
	title = {{C}on{CORD}: Tracking and Exploiting Cross-Node Memory Content Redundancy in Large-Scale Parallel Systems},
	school = {Northwestern University},
	address = {Evanston, Illinois},
	year = {2013},
	month = jul,
}

@PhDThesis{SWAINE:2014:INCPAR,
	author = {Swaine, James},
	title = {Incremental Parallelization of Existing Sequential Runtime Systems},
	school = {Northwestern University},
	address = {Evanston, Illinois},
	year = {2014},
	month = jun,
}

@TechReport{RACKET_REF,
	author = {Flatt, Matthew and PLT},
	title = {The {R}acket Reference---Version 6.1},
	month = aug,
	number = {PLT-TR-2010-1},
	year = {2014},
}

@PhDThesis{BAE:2013:VNUMA,
	author = {Bae, Chang Seok},
    advisor = {Dinda, Peter A.},
	title = {Dynamic Adaptive Resource Management in a Virtualized {NUMA} Multicore System for Optimizing Power, Energy, and Performance},
	school = {Northwestern University},
	address = {Evanston, Illinois},
	year = {2013}, 
	month = jul,
}

@InProceedings{BAE:2012:VMAP,
	title = {Dynamic Adaptive Virtual Core Mapping to Improve Power, Energy, and Performance in Multi-socket Multicores},
	author = {Bae, Chang Seok and Xia, Lei and Dinda, Peter A. and Lange, John R.},
	booktitle = {Proceedings of the $21^{st}$ ACM Symposium on High-performance Parallel and Distributed Computing (HPDC 2012)},
	month = jun,
	year = {2012},
    pages = {247--258},
}

@InProceedings{BAE:2011:DYNPAGING,
	title = {Enhancing Virtualized Application Performance through Dynamic Adaptive Paging Mode Selection}, 
	author = {Bae, Chang Seok and Lange, John R. and Dinda, Peter A.},
	booktitle = {Proceedings of the $8^{th}$ International Conference on Autonomic Computing (ICAC 2011)},
	month = jun,
	year = {2011},
    pages = {255--264},
}

@Misc{PACIFICA,
    author = 	 {{AMD Corporation}},
    title = 	 {{AMD64} Virtualization Codenamed ``Pacifica'' Technology:  Secure Virtual Machine Architecture Reference Manual},
    month =        may,
    year = 	 {2005},
}

@Misc{OSU-BENCHMARKS,
    title =   {{OSU} Micro-Benchmarks},
    howpublished = {http://mvapich.cse.ohio-state.edu/benchmarks/},
}

@InProceedings{ONOUE:2008:SAC,
    author = {Onoue, Koichi and Oyama, Yoshihiro and Yonezawa, Akinori},
    title = {Control of System Calls from Outside of Virtual Machines},
    booktitle = {Proceedings of the 2008 ACM Symposium on Applied Computing (SAC 2008)},
    year = {2008},
    month = mar,
    pages = {2116--2121},
} 

@InProceedings{VNET-P-HPDC12,
    author = {Lei Xia and Zheng Cui and John Lange and Yuan Tang and Peter Dinda and Patrick Bridges},
    title = {{VNET/P}: Bridging the Cloud and High Performance Computing Through Fast Overlay Networking},
    booktitle = {Proceedings of $21^{st}$ International ACM Symposium on High-Performance Parallel and Distributed Computing (HPDC 2012)},
    year = {2012},
    month = jun,
    pages = {259--270},
}

@InProceedings{CUI:2012:VNET,
    author = {Cui, Zheng and Xia, Lei and Bridges, Patrick G. and Dinda, Peter
    A. and Lange, John R.},
    title = {Optimistic Overlay-based Virtual Networking Through Optimistic
    Interrupts and Cut-through Forwarding},
    booktitle = {Proceedings of Supercomputing (SC 2012)}, 
    year = {2012},
    month = nov,
}

@InProceedings{XIA:2011:VIRTUALWIFI,
    author = {Xia, Lei and Kumar, Sanjay and Yang, Xue and Gopalakrishnan,
    Praveen and Liu, York and Schoenberg, Sebastian and Guo Xingang},
    title = {Virtual {W}i{F}i: Bring Virtualization from Wired to Wireless},
    booktitle = {Proceedings of the $7^{th}$ ACM SIGPLAN/SIGOPS International
    Conference on Virtual Execution Environments (VEE 2011)},
    year = {2011},
    month = mar,
    pages = {181--192},
}

@TechReport{VNET-P-TR11,
    author =       {Lei Xia and Zheng Cui and John Lange and Yuan Tang and Peter Dinda and Patrick Bridges},
    title =        {{VNET/P}: Bridging the Cloud and High Performance Computing Through Fast Overlay Networking},
    institution =  {Department of Computer Science, Northwestern University},
    year =         {2011},
    number =       {NWU-EECS-11-07},
    month =        jul,
}

@TechReport{BECK:2009:INRIA,
    title = {Syscall Interception in {X}en Hypervisor},
    author = {Beck, Fr{\'e}d{\'e}ric and Festor, Olivier},
    institution = {Institut National Polytechnique de Lorraine (INPL)},
    affiliation = {MADYNES - INRIA Lorraine- LORIA},
    type = {Technical Report},
    year = {2009},
}

@InProceedings{PFOH:NITRO:2011,
    author={Jonas Pfoh and Christian Schneider and Claudia Eckert},
    title={{N}itro: Hardware-Based System Call Tracing for Virtual Machines},
    booktitle={Proceedings of the $6^{th}$ International Workshop on Advances in Information and Computer Security (IWSEC 2011)},
    year={2011},
    month = nov,
    pages = {96--112},
}

@TechReport{LANGE-PALACIOS-TR-11,
    author = {Lange, John R. and Dinda, Peter and Hale, Kyle C. and Xia, Lei},
    title={An Introduction to the {P}alacios Virtual Machine Monitor---Version 1.3},
    number={NWU-EECS-11-10},
    institution={Department of Electrical Engineering and Computer Science, Northwestern University},
    month=nov,
    year={2011}
}

@InProceedings{LANGE-HPC-VEE11,
    author =   {Lange, John R. and Pedretti, Kevin and Dinda, Peter and Bridges, Patrick and Bae, Chang and Soltero, Philip and Merritt, Alexander},
    title =    {Minimal Overhead Virtualization of a Large Scale Supercomputer},
    booktitle =    {Proceedings of the $7^{th}$ ACM SIGPLAN/SIGOPS International Conference on Virtual Execution Environments (VEE 2011)},
    year =         {2011},
    month =        mar,
    pages = {169--180},
}

@InProceedings{NGUYEN:ACSAC:2009, 
    author={Nguyen, A.M. and Schear, N. and HeeDong Jung and Godiyal, A. and King,
        S.T. and Nguyen, H.D.}, 
    booktitle={Proceedings of the $25^{th}$ Annual Computer Security Applications Conference (ACSAC 2009)}, 
    title={{MAVMM}: Lightweight and Purpose Built VMM for Malware Analysis}, 
    year={2009}, 
    month=dec, 
    pages = {441--450},
}

@InProceedings{SHARIF:SIM:2009,
    author = {Monirul I. Sharif and  Wenke Lee and Weidong Cui and Andrea Lanzi},
    title = {Secure In-{VM} Monitoring Using Hardware Virtualization},
    booktitle = {Proceedings of the $16^{th}$ ACM Conference on Computer and Communications Security (CCS 2009)},
    year = {2009},
    month = nov,
    pages = {477--487},
}

@InProceedings{DINABURG:2008:ETHER,
    author = {Dinaburg, Artem and Royal, Paul and Sharif, Monirul and Lee, Wenke},
    title = {{E}ther: Malware Analysis Via Hardware Virtualization Extensions},
    booktitle = {Proceedings of the $15^{th}$ ACM Conference on Computer and
        Communications Security (CCS 2008)},
    year = {2008},
    month = oct,
    pages = {51--62},
} 

@InProceedings{VASUDEVAN:VAMPIRE:2005, 
    author={Vasudevan, A. and Yerraballi, R.}, 
    booktitle={Proceedings of the $21^{st}$ Annual Computer Security Applications Conference (ACSAC 2005)}, 
    title={Stealth Breakpoints}, 
    year={2005}, 
    month=dec, 
    pages={381--392},
}

@Article{MPICH:96,
    author = {Ewing Lusk and Nathan Doss and Anthony Skjellum},
    title = {A High-Performance, Portable Implementation of the {MPI} Message Passing Interface Standard},
    journal = {Parallel Computing},
    month = sep,
    year = {1996},
    volume = {22},
    number = {6},
    pages = {789--828},
}

@InProceedings{SWIFT:2003:IRC,
    author = {Swift, Michael M. and Bershad, Brian N. and Levy, Henry M.},
    title = {Improving the Reliability of Commodity Operating Systems},
    booktitle = {Proceedings of the $19^{th}$ ACM Symposium on Operating Systems Principles (SOSP 2003)},
    year = {2003},
    month = oct,
    pages = {207--222},
} 

@InProceedings{CARBONE:2012:SRM,
    author = {Carbone, Martim and Conover, Matthew and Montague, Bruce and Lee, Wenke},
    title = {Secure and Robust Monitoring of Virtual Machines Through Guest-assisted Introspection},
    booktitle = {Proceedings of the $15^{th}$ International Conference on Research in Attacks, Intrusions, and Defenses (RAID 2012)},
    year = {2012},
    month = sep,
    pages = {22--41},
} 

@InProceedings{LEVASSEUR:2004:UDD,
    author = {Le{V}asseur, Joshua and Uhlig, Volkmar and Stoess, Jan and G\"{o}tz, Stefan},
    title = {Unmodified Device Driver Reuse and Improved System Dependability via Virtual Machines},
    booktitle = {Proceedings of the $6^{th}$ USENIX Symposium on Operating Systems Design and Implementation (OSDI 2004)},
    month = dec,
    year = {2004},
    pages = {17--30},
}

@InProceedings{LEVASSEUR:2004:SAR,
    author = {Le{V}asseur, Joshua and Uhlig, Volkmar},
    title = {A Sledgehammer Approach to Reuse of Legacy Device Drivers},
    booktitle = {Proceedings of the $11^{th} ACM SIGOPS European Workshop (EW 2004)},
    month = sep,
    year = {2004},
    pages = {24:1--24:6},
}

@InProceedings{PLANK:1995:UWTC,
    author = {James S. Plank and Micah Beck and Gerry Kingsley and Kai Li},
    title = {Libckpt: Transparent Checkpointing under {Unix}},
    booktitle = {Proceedings of the 1995 USENIX Annual Technical Conference (USENIX ATC 1995)},
    month = jan,
    year = {1995},
}

@Misc{FERREIRA:09:INCREASING,
    author = {Kurt Ferreira and Rolf Riesen and Ron Oldfield and Jon Stearley and James Laros and Kevin Pedretti and Ron Brighwell and Todd Kordenbrock},
    title = {Increasing Fault Resiliency in a Message-Passing Environment},
    month = oct,
    year = {2009},
    number = {SAND2009-6753},
}

@InProceedings{BRIGHTWELL:2010:TRC,
    author = {Brightwell, Ron and Ferreira, Kurt and Riesen, Rolf},
    title = {Transparent Redundant Computing with {MPI}},
    booktitle = {Proceedings of the $17^{th}$ European MPI Users' Group Meeting (EuroMPI 2010)},
    month = sep,
    year = {2010},
    pages = {208--218},
} 

@InProceedings{MCCUNE:2010:TVISOR,
    author = {McCune, Jonathan M. and Li, Yanlin and Ning, Qu and Zhou, Zongwei and Datta, Anupam and Gligor, Virgil and Perrig, Adrian},
    title = {{T}rust{V}isor: Efficient {TCB} Reduction and Attestation},
    booktitle = {Proceedings of the $31^{st}$ IEEE Symposium on Security and Privacy (SP 2010)},
    month = may,
    year = {2010},
    pages = {148--158},
}

@InProceedings{SESHADRI:2007:SECVISOR,
    author = {Seshadri, Arvind and Luk, Mark and Qu, Ning and Perrig, Adrian},
    title = {{S}ec{V}isor: A Tiny Hypervisor to Provide Lifetime Kernel Code
    Integrity for Commodity {OS}es},
    booktitle = {Proceedings of the $21^{st}$ ACM Symposium on Operating Systems Principles (SOSP 2007)},
    month = oct,
    year = {2007},
    pages = {335--350}, 
}

@InProceedings{JOSHI:2005:INTROVIRT,
    author = {Joshi, Ashlesha and King, Samuel T. and Dunlap, George W. and Chen, Peter M.},
    title = {Detecting Past and Present Intrusions through Vulnerability-Specific Predicates},
    booktitle = {Proceedings of the $20^{th}$ ACM Symposium on Operating System Principles (SOSP 2005)},
    month = oct,
    year = {2005},
    pages = {91--104},
}

@InProceedings{MAO:2011:LXFI,
    author = {Mao, Yandong and Chen, Haogang and Zhou, Dong and Wang, Xi and Zeldovich, Nickolai and Kaashoek, M. Frans},
    title = {Software fault isolation with {API} integrity and multi-principal modules},
    booktitle = {Proceedings of the $23^{rd}$ ACM Symposium on Operating System Principles (SOSP 2011)},
    month = oct,
    year = {2011},
    pages = {115--128},
}

@InProceedings{MCCUNE:2008:FLICKER,
    author =    {Jonathan M. Mc{C}une and Bryan Parno and Adrian Perrig and Michael K. Reiter and Hiroshi Isozaki},
    title =     {{F}licker: An Execution Infrastructure for {TCB} Minimization},
    booktitle = {Proceedings of the $3^{rd}$ ACM European Conference on Computer Systems (EuroSys 2008)},
    year =      {2008},
    month =     apr,
    pages = {315--328},
}

@InProceedings{LIE:2003:IUO,
    author = {Lie, David and Thekkath, Chandramohan A. and Horowitz, Mark},
    title = {Implementing an Untrusted Operating System on Trusted Hardware},
    booktitle = {Proceedings of the $19^{th}$ ACM Symposium on Operating Systems Principles (SOSP 2003)},
    month = oct,
    year = {2003},
    pages = {178--192},
} 

@InProceedings{HOFMANN:2013:ISA,
    author = {Hofmann, Owen S. and Kim, Sangman and Dunn, Alan M. and Lee, Michael Z. and Witchel, Emmett},
    title = {{I}nk{T}ag: Secure Applications on an Untrusted Operating System},
    booktitle = {Proceedings of the $18^{th}$ International Conference on Architectural Support for Programming Languages and Operating Systems (ASPLOS 2013)},
    month = mar,
    year = {2013},
    pages = {265--278},
} 

@InProceedings{CRISWELL:2014:VG,
    author = {John Criswell and Nathan Dautenhahn and Vikram Adve},
    title = {{V}irtual {G}host: Protecting Applications from Hostile Operating Systems},
    booktitle = {Proceedings of the $19^{th}$ International Conference on Architectural Support for Programming Languages and Operating Systems (ASPLOS 2014)},
    month = mar,
    year = {2014},
    pages = {81--96},
} 

@InProceedings{CHECKOWAY:2013:IAGO,
    author = {Checkoway, Stephen and Shacham, Hovav},
    title = {{I}ago Attacks: Why the System Call {API} is a Bad Untrusted {RPC} Interface},
    booktitle = {Proceedings of the $18^{th}$ International Conference on Architectural Support for Programming Languages and Operating Systems (ASPLOS 2013)},
    month = mar,
    year = {2013},
    pages = {253--264},
} 

@InProceedings{XU:2007:FUZZY,
    author = {Xu, Jing and Zhao, Ming and Fortes, Jose and Carpenter, Robert and Yousif, Mazin},
    title = {On the Use of Fuzzy Modeling in Virtualized Data Center Management},
    booktitle = {Proceedings of the $4^{th}$ International Conference on Autonomic Computing (ICAC 2007)},
    month = jun,
    year = {2007},
}

@InProceedings{LU:2011:UNTANGLING,
    author = {Lei Lu and Hui Zhang and Guofei Jiang and Haifeng Chen and Kenji Yoshihira and Evgenia Smirni},
    title = {Untangling Mixed Information to Calibrate Resource Utilization in Virtual Machines},
    booktitle = {Proceedings of the $8^{th}$ International Conference on Autonomic Computing (ICAC 2011)},
    month = jun,
    year = {2011},
    pages = {151--160},
}

@InProceedings{WANG:2012:APPAWARE,
    author = {Lixi Wang and Jing Xu and Ming Zhao},
    title = {Application-aware Cross-layer Virtual Machine Resource Management},
    booktitle = {Proceedings of the $9^{th}$ International Conference on Autonomic Computing (ICAC 2012)},
    month = sep,
    year = {2012},
    pages = {13--22},
}

@InProceedings{HU:2012:NETCOHORT,
    author = {Liting Hu and Karsten Schwan and Ajay Gulati and Junjie Zhang and Chengwei Wang},
    title = {{N}et-{C}ohort: Detecting and Managing {VM} Ensembles in Virtualized Data Centers},
    booktitle = {Proceedings of the $8^{th}$ International Conference on Autonomic Computing (ICAC 2012)},
    month = sep,
    year = {2012},
    pages = {3--12},
}

@InProceedings{WILLMANN:2008:PSD,
    author = {Willmann, Paul and Rixner, Scott and Cox, Alan L.},
    title = {Protection Strategies for Direct Access to Virtualized {I/O} Devices},
    booktitle = {Proceedings of the 2008 USENIX Annual Technical Conference (USENIX ATC 2008)},
    month = jun,
    year = {2008},
    pages = {15--28},
} 

@InProceedings{WILLMANN:2007:CDNA,
    author={Willmann, Paul and Shafer, Jeffrey and Carr, David and Menon, Aravind and Rixner, Scott and Cox, Alan L. and Zwaenepoel, Willy}, 
    booktitle={Proceedings of the $13^{th}$ IEEE International Symposium on High Performance Computer Architecture (HPCA 2007)},
    title={Concurrent Direct Network Access for Virtual Machine Monitors}, 
    year={2007}, 
    month=feb,
    pages = {306--317},
}

@PhDThesis{ENGLER:1998:EOS,
    author = {Engler, Dawson R.},
    title = {The {E}xokernel Operating System Architecture},
    year = {1998},
    month = oct,
    school = {Massachusetts Institute of Technology},
} 

@InProceedings{KAASHOEK:1997:APF,
    author = {Kaashoek, M. Frans and Engler, Dawson R. and Ganger, Gregory R. and Brice\~{n}o, Hector M. and Hunt, Russell and Mazi\`{e}res, David and Pinckney, Thomas and Grimm, Robert and Jannotti, John and Mackenzie, Kenneth},
    title = {Application Performance and Flexibility on {E}xokernel Systems},
    booktitle = {Proceedings of the $16^{th}$ ACM Symposium on Operating Systems Principles (SOSP 1997)},
    year = {1997},
    month = oct,
    pages = {52--65},
} 

@InProceedings{ENGLER:1995:EXOKERNEL,
    author = {Engler, Dawson R. and Kaashoek, M. Frans and O'Toole,Jr., James},
    title = {{E}xokernel: An Operating System Architecture for Application-level Resource Management},
    booktitle = {Proceedings of the $15^{th}$ ACM Symposium on Operating Systems Principles (SOSP 1995)},
    year = {1995},
    month = dec,
    pages = {251--266},
} 

@InProceedings{ENGLER:1995:EXTERMINATE,
    author = {Engler, Dawson R. and Kaashoek, M. Frans},
    title = {Exterminate All Operating System Abstractions},
    booktitle = {Proceedings of the $5^{th}$ Workshop on Hot Topics in Operating Systems (HotOS 1995)},
    year = {1995},
    month = may,
    pages = {78--83},
} 

@InProceedings{ARTIAGA:2000:PML,
    author = {Artiaga, Ernest and Serra, Albert and Gil, Marisa},
    title = {Porting Multithreading Libraries to an {E}xokernel System},
    booktitle = {Proceedings of the $9^{th}$ ACM SIGOPS European Workshop (EW 2000)},
    year = {2000},
    month = sep,
    pages = {121--126},
} 

@InProceedings{CHERITON:1994:CMO,
    author = {Cheriton, David R. and Duda, Kenneth J.},
    title = {A Caching Model of Operating System Kernel Functionality},
    booktitle = {Proceedings of the $1^{st}$ USENIX Symposium on Operating Systems Design and Implementation (OSDI 2004)},
    year = {1994},
    month = nov,
    pages = {14:1--14:15},
} 

@InProceedings{WISNIEWSKI:2014:MOS,
    author = {Wisniewski, Robert W. and Inglett, Todd and Keppel, Pardo and Murty, Ravi and Riesen, Rolf},
    title = {m{OS}: An Architecture for Extreme-scale Operating Systems},
    booktitle = {Proceedings of the $4^{th}$ International Workshop on Runtime and Operating Systems for Supercomputers (ROSS 2014)},
    year = {2014},
    month = jun,
    pages = {2:1--2:8},
} 

@InProceedings{SWIECH:2014:VMMHTM,
    author = {Swiech, Maciej and Hale, Kyle C. and Dinda, Peter},
    title = {{VMM} Emulation of {I}ntel Hardware Transactional Memory},
    booktitle = {Proceedings of the $4^{th}$ International Workshop on Runtime and Operating Systems for Supercomputers (ROSS 2014)},
    year = {2014},
    month = jun,
    pages = {4:1--4:8},
} 

@InProceedings{HALE:2012:GEARS,
    author = {Hale, Kyle C. and Xia, Lei and Dinda, Peter A.},
    title = {Shifting {GEARS} to Enable Guest-context Virtual Services},
    booktitle = {Proceedings of the $9^{th}$ International Conference on Autonomic Computing (ICAC 2012)},
    year = {2012},
    month = sep,
    pages = {23--32},
} 

@InProceedings{HALE:2014:GUARDMODS,
    author = {Kyle C. Hale and Peter A. Dinda},
    title = {Guarded Modules: Adaptively Extending the {VMM}'s Privilege Into the Guest},
    booktitle = {Proceedings of the $11^{th}$ International Conference on Autonomic Computing (ICAC 2014)},
    year = {2014},
    month = jun,
    pages = {85--96},
}

@InProceedings{BOMBERGER:1992:KEYKOS,
    author = {Bomberger, Allen C. and Frantz, William S. and Hardy, Ann C. and Hardy, Norman and Landau, Charles R. and Shapiro, Jonathan S.},
    title = {The {K}ey{KOS} Nanokernel Architecture},
    booktitle = {Proceedings of the USENIX Workshop on Micro-kernels and Other Kernel Architectures},
    year = {1992},
    month = apr,
    pages = {95--112},
} 

@InProceedings{BLACK:1992:MACH,
    title={Microkernel Operating System Architecture and {M}ach},
    author={Black, David L. and Golub, David B. and Julin, Daniel P. and Rashid,
        Richard F. and Draves, Richard P. and Dean, Randall W. and Forin,
        Alessandro and Barrera, Joseph and Tokuda, Hideyuki and Malan, Gerald
            and Bohman, David},
    booktitle={Proceedings of the USENIX Workshop on Micro-Kernels and Other Kernel Architectures},
    month = apr,
    year={1992},
    pages = {11--30},
}

@Article{ROZIER:1988:CHORUS,
	author = {M. Rozier and V. Abrossimov and F. Armand and I. Boule and M. Gien and M. Guillemont and F. Herrmann and C. Kaiser and S. Langlois and P. L\'{e}onard and W. Neuhauser},
	title = {{CHORUS} Distributed Operating Systems},
	journal = {Computing Systems},
	volume = {1},
	number = {4},
	month = {Fall},
	year = {1988},
	pages = {305--370},
}

@Article{GUM:1983:370,
    author = {Gum, P. H.},
    title = {{S}ystem/370 Extended Architecture: Facilities for Virtual Machines},
    journal = {IBM Journal of Research and Development},
    volume = {27},
    number = {6},
    month = nov,
    year = {1983},
    pages = {530--544},
} 

@InProceedings{LIEDTKE:1995:L4,
    author = {Liedtke, Jochen},
    title = {On Micro-kernel Construction},
    booktitle = {Proceedings of the $15^{th}$ ACM Symposium on Operating Systems Principles (SOSP 1995)},
    year = {1995},
    month = dec,
    pages = {237--250},
} 

@InProceedings{LIEDTKE:1993:L3,
	author = {Liedtke, Jochen},
	title = {A Persistent System in Real Use---Experiences of the First 13 Years},
	booktitle = {Proceedings of the $3^{rd}$ International Workshop on Object-Orientation in Operating Systems},
	year = {1993},
	month = dec,
    pages = {2--11},
}

@InProceedings{LIEDTKE:1993:L4,
    author = {Liedtke, Jochen},
    title = {Improving {IPC} by Kernel Design},
    booktitle = {Proceedings of the $14^{th}$ ACM Symposium on Operating Systems Principles (SOSP 1993)},
    year = {1993},
    month = dec,
    pages = {175--188},
} 

@Article{BUSHNELL:1994:HURD,
	author = {Bushnell, Thomas},
	title = {Towards a New Strategy of {OS} Design},
	journal = {GNU's Bulletin},
	volume = {1},
	number = {16},
	url = {\url{http://www.gnu.org/software/hurd/hurd-paper.html}},
	year = {1994},
	month = jan,
}

@InProceedings{HARTIG:1997:P9S,
    author = {H\"{a}rtig, Hermann and Hohmuth, Michael and Liedtke, Jochen and Wolter, Jean and Sch\"{o}nberg, Sebastian},
    title = {The Performance of $\mu$-kernel-based Systems},
    booktitle = {Proceedings of the $16^{th}$ ACM Symposium on Operating Systems Principles (SOSP 1997)},
    year = {1997},
    month = oct,
    pages = {66--77},
} 

@InProceedings{PETER:2013:ARRAKIS,
    author = {Simon Peter and Thomas Anderson},
    title = {{A}rrakis: A Case for the End of the Empire},
    booktitle = {Proceedsings of the $14^{th}$ Workshop on Hot Topics in Operating Systems (HotOS 2013)},
    year = {2013},
    month = may,
    pages = {26:1--26:7},
}

@InProceedings{MADHAVAPEDDY:2013:UNIKERNELS,
    author = {Madhavapeddy, Anil and Mortier, Richard and Rotsos, Charalampos and Scott, David and Singh, Balraj and Gazagnaire, Thomas and Smith, Steven and Hand, Steven and Crowcroft, Jon},
    title = {{U}nikernels: Library Operating Systems for the Cloud},
    booktitle = {Proceedings of the $18^{th}$ International Conference on Architectural Support for Programming Languages and Operating Systems (ASPLOS 2013)},
    year = {2013},
    month = mar,
    pages = {461--472},
} 

@Article{CHASE:1994:OPAL,
    author = {Jeffrey S. Chase and Jeffrey S. Chase and Henry M. Levy and Henry M. Levy and Michael J. Feeley and Michael J. Feeley and Edward D. Lazowska and Edward D. Lazowska},
    title = {Sharing and Protection in a Single Address Space Operating System},
    journal = {ACM Transactions on Computer Systems},
    year = {1994},
    month = nov,
    volume = {12},
    number = {4},
    pages = {271--307},
}

@Article{HEISER:98:MUNGI,
    author = {Gernot Heiser and Kevin Elphinstone and Jerry Vochteloo and Stephen Russell},
    title = {The {M}ungi single-address-space operating system},
    journal = {Software: Practice and Experience},
    month = jul,
    volume = {28},
    number = {9},
    year = {1998},
    pages = {901--928},
}

@InProceedings{DELLER:1999:MUNGI,
    author = {Deller, Luke and Heiser, Gernot},
    title = {Linking Programs in a Single Address Space},
    booktitle = {Proceedings of the 1999 USENIX Annual Technical Conference (USENIX ATC 1999)},
    year = {1999},
    month = jun,
    pages = {283--294},
} 

@Article{ROSCOE:1994:NEMESIS,
    author = {Roscoe, Timothy},
    title = {Linkage in the {N}emesis Single Address Space Operating System},
    journal = {ACM SIGOPS Operating Systems Review},
    volume = {28},
    number = {4},
    month = oct,
    year = {1994},
    pages = {48--55},
} 

@InProceedings{LIU-VMM-BYPASS-USENIX06,
    author =   {Jiuxing Liu and Wei Huang and Bulent Abali and Dhabaleswar Panda},
    title =    {High Performance {VMM}-Bypass {I/O} in Virtual Machines},
    booktitle =    {Proceedings of the 2006 USENIX Annual Technical Conference (USENIX ATC 2006)},
    year =     {2006},
    month =    may,
    pages = {3:1--3:14},
}

@InProceedings{RAJ-SCHWAN-SELF-VIRT-HPDC07,
    author =   {Himanshu Raj and Karsten Schwan},
    title =    {High Performance and Scalable {I/O} Virtualization via Self-Virtualized Devices},
    booktitle =    {Proceedings of the $16^{th}$ IEEE International Symposium
        on High Performance Distributed Computing (HPDC 2007)},
    year =         {2007},
    month =        jul,
    pages = {179--188},
}

@InProceedings{BELAY:2012:DUNE,
    author = {Belay, Adam and Bittau, Andrea and Mashtizadeh, Ali and Terei, David and Mazi\`{e}res, David and Kozyrakis, Christos},
    title = {{D}une: Safe User-level Access to Privileged {CPU} Features},
    booktitle = {Proceedings of the $10^{th}$ USENIX Conference on Operating Systems Design and Implementation (OSDI 2012)},
    year = {2012},
    month = oct,
    pages = {335--348},
} 

@InProceedings{BELAY:2014:DATAPLANEOS,
    author = {Adam Belay and George Prekas and Ana Klimovic and Samuel Grossman and Christos Kozyrakis and Edouard Bugnion},
    title = {{IX}: A Protected Dataplane Operating System for High Throughput and Low Latency},
    booktitle = {Proceedings of the $11^{th}$ USENIX Symposium on Operating Systems Design and Implementation (OSDI 2014)},
    year = {2014},
    month = oct,
    pages = {49--65},
}

@InProceedings{LIU:2009:TESSELATION,
    author = {Liu, Rose and Klues, Kevin and Bird, Sarah and Hofmeyr, Steven and Asanovi\'{c}, Krste and Kubiatowicz, John},
    title = {{T}essellation: Space-time Partitioning in a Manycore Client {OS}},
    booktitle = {Proceedings of the $1^{st}$ USENIX Conference on Hot Topics in Parallelism (HotPar 2009)},
    year = {2009},
    month = mar,
    pages = {10:1--10:6},
} 

@InProceedings{COLMENARES:2013:TESSELATION, 
	author = {Colmenares, Juan A. and Eads, Gage and Hofmeyr, Steven and Bird,
    Sarah and Moret\'{o}, Miguel and Chou, David and Gluzman, Brian and Roman, Eric and Bartolini, Davide B. and Mor, Nitesh and Asanovi\'{c}, Krste and Kubiatowicz, John D.}, 
	booktitle = {Proceedings of the $50^{th}$ ACM/IEEE Design Automation Conference (DAC 2013)}, 
	title = {{T}essellation: Refactoring the {OS} Around Explicit Resource Containers with Continuous Adaptation}, 
	year = {2013}, 
	month = may # "\slash " # jun, 
    pages = {76:1--76:10},
}

@Inproceedings{PORTER:2011:DRAWBRIDGE,
    author = {Porter, Donald E. and Boyd{-Wickizer}, Silas and Howell, Jon and
              Olinsky, Reuben and Hunt, Galen C.},
    booktitle    = {Proceedings of the $16^{th}$ International Conference on Architectural Support for
        Programming Languages and Operating Systems (ASPLOS 2011)},
    month        = mar,
    title        = {Rethinking the Library {OS} from the Top Down},
    year         = {2011},
    pages        = {291--304},
}

@Inproceedings{BAUMANN:2013:BASCULE,
    author       = {Andrew Baumann and Dongyoon Lee and Pedro Fonseca and Lisa Glendenning and Jacob
        R. Lorch and Barry Bond and Reuben Olinsky and Galen C. Hunt},
    booktitle    = {Proceedings of the $8^{th}$ ACM European Conference on Computer Systems (EuroSys 2013)},
    month        = apr,
    title        = {Composing {OS} Extensions Safely and Efficiently with {B}ascule},
    year         = {2013},
    pages        = {239--252},
}

@InProceedings{BAUMANN:2009:BARRELFISH,
    author = {Baumann, Andrew and Barham, Paul and Dagand, Pierre Evariste and Harris, Tim and Isaacs, Rebecca and Peter, Simon and Roscoe, Timothy and Sch\"{u}pbach, Adrian and Singhania, Akhilesh},
    title = {The {M}ultikernel: A New {OS} Architecture for Scalable Multicore Systems},
    booktitle = {Proceedings of the $22^{nd}$ ACM Symposium on Operating Systems Principles (SOSP 2009)},
    year = {2009},
    month = oct,
    pages = {29--44},
} 

@InProceedings{SCHUPBACH:2008:BARRELFISH,
	author = {Sch\"{u}pbach, Adrian and Peter, Simon and Baumann, Andrew and Roscoe, Timothy},
	title = {Embracing diversity in the {B}arrelfish manycore operating system},
	booktitle = {Proceedings of the Workshop on Managed Many-core Systems (MMCS 2008)},
	year = {2008},
	month = jun,
}

@InProceedings{NIGHTINGALE:2009:HELIOS,
    author = {Nightingale, Edmund B. and Hodson, Orion and McIlroy, Ross and Hawblitzel, Chris and Hunt, Galen},
    title = {{H}elios: Heterogeneous Multiprocessing with Satellite Kernels},
    booktitle = {Proceedings of the $22^{nd}$ ACM Symposium on Operating Systems Principles (SOSP 2009)},
    year = {2009},
    month = oct,
    pages = {221--234},
} 

@InProceedings{BWICKIZER:2008:COREY,
    author = {Boyd{-Wickizer}, Silas and Chen, Haibo and Chen, Rong and Mao, Yandong and Kaashoek, Frans and Morris, Robert and Pesterev, Aleksey and Stein, Lex and Wu, Ming and Dai, Yuehua and Zhang, Yang and Zhang, Zheng},
    title = {{C}orey: An Operating System for Many Cores},
    booktitle = {Proceedings of the $8^{th}$ USENIX Conference on Operating Systems Design and Implementation (OSDI 2008)},
    year = {2008},
    month = dec,
    pages = {43--57},
} 

@InProceedings{MONTZ:1995:SCOUT,
    title={{S}cout: A Communications-Oriented Operating System},
    author={Montz, Allen B. and Mosberger, David and O'{M}alley, Sean W. and
    Peterson, Larry L. and Proebsting, Todd A.},
    booktitle = {Proceedings of the $5^{th}$ Workshop on Hot Topics in Operating Systems (HotOS 1995)},
    month = may,
    year={1995},
    pages = {58--61},
}

@InProceedings{BERSHAD:1995:SPIN,
    author = {Bershad, Brian N. and Savage, Stefan and Pardyak, Przemys\law and
    Sirer, Emin G\"{u}n and Fiuczynski, Marc E. and Becker, David and Chambers,
    Craig and Eggers, Susan},
    title = {Extensibility, Safety and Performance in the {SPIN} Operating System},
    booktitle = {Proceedings of the $15^{th}$ ACM Symposium on Operating Systems Principles (SOSP 1995)},
    year = {1995},
    month = dec,
    pages = {267--283},
} 

@Article{HUNT:2007:SINGULARITY,
    author = {Hunt, Galen C. and Larus, James R.},
    title = {{S}ingularity: Rethinking the Software Stack},
    journal = {SIGOPS Operating Systems Review},
    volume = {41},
    number = {2},
    month = apr,
    year = {2007},
    pages = {37--49},
} 

@InProceedings{FORD:1997:FLUXOSKIT,
    author = {Ford, Bryan and Back, Godmar and Benson, Greg and Lepreau, Jay and Lin, Albert and Shivers, Olin},
    title = {The {F}lux {OSK}it: A Substrate for Kernel and Language Research},
    booktitle = {Proceedings of the $16^{th}$ ACM Symposium on Operating Systems Principles (SOSP 1997)},
    year = {1997},
    month = oct,
    pages = {14--19},
} 

@InProceedings{KIVITY:2014:OSV,
    author = {Avi Kivity and Dor Laor and Glauber Costa and Pekka Enberg and Nadav Har{\textquoteright}El and Don Marti and Vlad Zolotarov},
    title = {{OS}v{\textemdash}Optimizing the Operating System for Virtual Machines},
    booktitle = {Proceedings of the 2014 USENIX Annual Technical Conference (USENIX ATC 2014)},
    year = {2014},
    month = jun,
}

@InProceedings{GIAMPAPA:2010:CNK,
    author = {Giampapa, Mark and Gooding, Thomas and Inglett, Todd and Wisniewski, Robert W.},
    title = {Experiences with a Lightweight Supercomputer Kernel: Lessons Learned from {B}lue {G}ene's {CNK}},
    booktitle = {Proceedings of Supercomputing (SC 2010)},
    year = {2010},
    month = nov,
} 

@InProceedings{KELLY:2005:CATAMOUNT,
    author = {Suzanne M. Kelly and Ron Brightwell},
    title = {Software Architecture of the Light Weight Kernel, {C}atamount},
    booktitle = {Proceedings of the 2005 Cray User Group Meeting (CUG 2005)},
    year = {2005},
    month = may,
}

@InProceedings{WALLACE:2007:CNL,
    author = {Wallace, David},
    title = {{C}ompute {N}ode {L}inux: Overview, Progress to Date \& Roadmap},
    booktitle = {Proceedings of the 2007 Cray User Group Meeting (CUG 2007)},
    year = {2007},
    month = may,
}

@InProceedings{BAUER:2012:LEGION,
    author = {Bauer, Michael and Treichler, Sean and Slaughter, Elliott and Aiken, Alex},
    title = {{L}egion: Expressing Locality and Independence with Logical Regions},
    booktitle = {Proceedings of Supercomputing (SC 2012)},
    year = {2012},
    month = nov,
} 

@InProceedings{TREICHLER:2013:LEGION,
    author = {Treichler, Sean and Bauer, Michael and Aiken, Alex},
    title = {Language Support for Dynamic, Hierarchical Data Partitioning},
    booktitle = {Proceedings of the 2013 ACM SIGPLAN International Conference
    on Object-Oriented Programming, Systems, Languages, and Applications (OOPSLA 2013)},
    year = {2013},
    month = oct,
    pages = {495--514},
} 


@techreport{BLELLOCH:1992:NESL,
    author = {Blelloch, Guy E.},
    title = {{NESL}: A Nested Data-Parallel Language},
    year = {1992},
    publisher = {Carnegie Mellon University},
    month = jan,
    number = {CMU-CS-92-103},
    institution = {School of Computer Science, Carnegie Mellon University},
} 

@InProceedings{BERGSTROM:2012:NDPGPU,
    author = {Bergstrom, Lars and Reppy, John},
    title = {Nested Data-parallelism on the {GPU}},
    booktitle = {Proceedings of the $17^{th}$ ACM SIGPLAN International Conference on Functional Programming (ICFP 2012)},
    year = {2012},
    month = sep,
    pages = {247--258},
} 

@InProceedings{ETI:2012:SWARM,
    author = {Lauderdale, Christopher and Khan, Rishi},
    title = {Towards a codelet-based runtime for exascale computing},
    booktitle = {Proceedings of the $2^{nd}$ International Workshop on Adaptive Self-Tuning Computing Systems for the Exaflop Era (EXADAPT 2012)},
    year = {2012},
    month = mar,
    pages = {21--26},
}

@Article{STRONG:2009:FASTSWITCHING,
    author = {Strong, Richard and Mudigonda, Jayaram and Mogul, Jeffrey C. and Binkert, Nathan and Tullsen, Dean},
    title = {Fast Switching of Threads Between Cores},
    journal = {SIGOPS Operating Systems Review},
    volume = {43},
    number = {2},
    month = apr,
    year = {2009},
    pages = {34--45},
} 

@InProceedings{HOEFLER:2010:NOISE,
    author = {Hoefler, Torsten and Schneider, Timo and Lumsdaine, Andrew},
    title = {Characterizing the Influence of System Noise on Large-Scale Applications by Simulation},
    booktitle = {Proceedings of Supercomputing (SC 2010)},
    year = {2010},
    month = nov,
} 

@Article{FERREIRA:2013:ISD,
    author = {Ferreira, Kurt B. and Bridges, Patrick G. and Brightwell, Ron and Pedretti, Kevin T.},
    title = {Impact of System Design Parameters on Application Noise Sensitivity},
    journal = {Journal of Cluster Computing},
    volume = {16},
    number = {1},
    month = mar,
    year = {2013},
} 

@InProceedings{FERREIRA:2008:OSNOISE,
    author = {Ferreira, Kurt B. and Bridges, Patrick and Brightwell, Ron},
    title = {Characterizing Application Sensitivity to {OS} Interference Using Kernel-level Noise Injection},
    booktitle = {Proceedings of Supercomputing (SC 2008)},
    year = {2008},
    month = nov,
} 

@Article{RINARD:1993:JADE,
    author = {Rinard, Martin C. and Scales, Daniel J. and Lam, Monica S.},
    title = {{J}ade: A High-Level, Machine-Independent Language for Parallel Programming},
    journal = {IEEE Computer},
    volume = {26},
    number = {6},
    month = jun,
    year = {1993},
    pages={28--38}, 
} 

@PhdThesis{BERGSTROM:2013:STATE,
    author = {Bergstrom, Lars},
    advisor = {Reppy, John},
    title = {Parallel Functional Programming with Mutable State},
    year = {2013},
    month = jun,
    school = {The University of Chicago},
    address = {Chicago, IL}
} 

@PhDThesis{SHAW:2011:NDP,
    author = {Shaw, Adam Michael},
    title = {Implementation Techniques for Nested-Data-Parallel Languages},
    advisor = {Reppy, John},
    year = {2011},
    month = aug,
    school = {The University of Chicago},
    address = {Chicago, IL},
}
	
@InProceedings{FLUET:2007:MANTICORE,
    author = {Fluet, Matthew and Rainey, Mike and Reppy, John and Shaw, Adam and Xiao, Yingqi},
    title = {{M}anticore: A Heterogeneous Parallel Language},
    booktitle = {Proceedings of the 2007 Workshop on Declarative Aspects of Multicore Programming (DAMP 2007)},
    year = {2007},
    month = jan,
    pages = {37--44},
} 

@InProceedings{FLUET:2008:MANTICORE,
    author = {Fluet, Matthew and Rainey, Mike and Reppy, John and Shaw, Adam},
    title = {Implicitly-threaded Parallelism in {M}anticore},
    booktitle = {Proceedings of the $13^{th}$ ACM SIGPLAN International Conference on Functional Programming (ICFP 2008)},
    year = {2008},
    month = sep,
    pages = {119--130},
} 

@InProceedings{REPPY:2009:PCML,
    author = {Reppy, John and Russo, Claudio V. and Xiao, Yingqi},
    title = {Parallel Concurrent {ML}},
    booktitle = {Proceedings of the $14^{th}$ ACM SIGPLAN International Conference on Functional Programming (ICFP 2009)},
    year = {2009},
    month = aug,
    pages = {257--268},
} 

@InProceedings{AUHAGEN:2011:GARBAGE,
    author = {Auhagen, Sven and Bergstrom, Lars and Fluet, Matthew and Reppy, John},
    title = {Garbage Collection for Multicore {NUMA} Machines},
    booktitle = {Proceedings of the 2011 ACM SIGPLAN Workshop on Memory Systems Performance and Correctness (MSPC 2011)},
    year = {2011},
    month = jun,
    pages = {51--57},
} 

@InProceedings{BERGSTROM:2013:FLATTENING,
    author = {Bergstrom, Lars and Fluet, Matthew and Rainey, Mike and Reppy, John and Rosen, Stephen and Shaw, Adam},
    title = {Data-only Flattening for Nested Data Parallelism},
    booktitle = {Proceedings of the $18^{th}$ ACM SIGPLAN Symposium on Principles and Practice of Parallel Programming (PPoPP 2013)},
    year = {2013},
    month = feb,
    pages = {81--92},
} 

@InProceedings{PEYTONJONES:2008:DPH,
    author = {Peyton Jones, Simon},
    title = {Harnessing the Multicores: Nested Data Parallelism in {H}askell},
    booktitle = {Proceedings of the $6^{th}$ Asian Symposium on Programming Languages and Systems (APLAS 2008)},
    year = {2008},
    month = dec,
} 

@InProceedings{CHAKRAVARTY:2007:DPH,
    author = {Chakravarty, Manuel M. T. and Leshchinskiy, Roman and Peyton Jones, Simon and Keller, Gabriele and Marlow, Simon},
    title = {Data Parallel {H}askell: A Status Report},
    booktitle = {Proceedings of the 2007 Workshop on Declarative Aspects of Multicore Programming (DAMP 2007)},
    year = {2007},
    month = jan,
    pages = {10--18},
} 

@InProceedings{KENNEDY:2007:HPF,
    author = {Kennedy, Ken and Koelbel, Charles and Zima, Hans},
    title = {The Rise and Fall of {H}igh {P}erformance {F}ortran: An Historical Object Lesson},
    booktitle = {Proceedings of the $3^{rd}$ ACM SIGPLAN Conference on History of Programming Languages (HOPL 3)},
    year = {2007},
    month = jun,
    pages = {7:1--7:22},
} 

@Article{MERLIN:1995:HPF,
    author = {Merlin, John and Hey, Anthony},
    title = {An Introduction to {H}igh {P}erformance {F}ortran},
    journal = {Scientific Programming},
    volume = {4},
    number = {2},
    month = apr,
    year = {1995},
    pages = {87--113},
} 

@TechReport{UPCC:2013:UPC,
    author =       {UPC Consortium},
    title =        {{UPC} Language and Library Specifications, v1.3 },
    institution =  {Lawrence Berkeley National Lab},
    year =         {2013},
    month =        nov,
    number =       {LBNL-6623E},
}

@TechReport{CCS:1999:UPC,
	author = {Carlson, William W. and Draper, Jesse M. and Culler, David E. and Yelick, Kathy and Brooks, Eugene and Warren, Karen},
	title = {Introduction to {UPC} and Language Specification},
	institution = {IDA Center for Computing Sciences},
	year = {1999},
	month = may,
	number = {CCS-TR-99-157},
}

@Article{CHAMBERLAIN:2007:CHAPEL,
    author = {Bradford L. Chamberlain and David Callahan and Hans P. Zima},
    title = {Parallel Programmability and the {C}hapel Language},
    journal = {International Journal of High Performance Computing Applications},
    year = {2007},
    month = aug,
    volume = {21},
    number = {3},
    pages = {291--312}
}

@InProceedings{CHARLES:2005:X10,
    author = {Charles, Philippe and Grothoff, Christian and Saraswat, Vijay and
    Donawa, Christopher and Kielstra, Allan and Ebcio\u{g}lu, Kemal and von {P}raun, Christoph and Sarkar, Vivek},
    title = {{X10}: An Object-oriented Approach to Non-uniform Cluster Computing},
    booktitle = {Proceedings of the $20^{th}$ ACM SIGPLAN Conference on Object-Oriented Programming, Systems, Languages, and Applications (OOPSLA 2005)},
    year = {2005},
    month = oct,
    pages = {519--538},
} 

@InProceedings{EBCIOGLU:2004:X10,
	author = {Kemal, Ebcio\u{g}lu and Saraswat, Vijay and Sarkar, Vivek},
	title = {{X10}: Programming for Hierarchical Parallelism and
Non-Uniform Data Access},
	booktitle = {Proceedings of the $3^{rd}$ International Workshop on Language Runtimes},
	month = oct,
	year = {2004},
}

@InProceedings{JOHANSSON:2000:HPE,
    author = {Johansson, Erik and Pettersson, Mikael and Sagonas, Konstantinos},
    title = {A High Performance {E}rlang System},
    booktitle = {Proceedings of the $2^{nd}$ ACM SIGPLAN International Conference on Principles and Practice of Declarative Programming (PPDP 2000)},
    year = {2000},
    month = sep,
    pages = {32--43},
} 
 
@InProceedings{CARLSSON:2001:ERLANG,
	author = {Carlsson, Richard},
	title = {An Introduction to Core {E}rlang},
	booktitle = {Proceedings of the PLI 2001 Workshop on Erlang},
	year = {2001},
	month = sep,
}

@Book{CERLANGBOOK,
	author = {Armstrong, Joe and Virding, Robert and Wikstr\"{o}m, Claes and Williams, Mike},
	title = {Concurrent Programming in {E}rlang},
	publisher = {Prentice Hall},
	edition = {Second},
	year = {1996},
	month = jan,
}

@Article{NEIGER:2006:INTELVT,
	author = {Neiger, Gil and Santoni, Amy and Leung, Felix and Rodgers, Dion and Uhlig, Rich},
	title = {{I}ntel Virtualization Technology: Hardware Support for Efficient Processor Virtualization},
	journal = {Intel Technology Journal},
	volume = {10},
	number = {3},
	year = {2006},
	month = aug,
	page = {139},
}

@Article{ABRAMSON:2006:VTD,
    author = {Abramson, Darren and Jackson, Jeff and Muthrasanallur, Sridhar and Neiger, Gil and Regnier, Greg and Sankaran, Rajesh and Schoinas, Ioannis and Uhlig, Rich and Vembu, Balaji and Wiegert, John},
    title = {{I}ntel Virtualization Technology for Directed {I/O}},
    journal = {Intel Technology Journal},
    volume = {10},
    number = {3},
    year = {2006},
    month = aug,
    page = {179},
}

@InProceedings{TM-ORIG,
    author = {Herlihy, Maurice and Moss, J. Eliot B.},
    title = {Transactional Memory: Architectural Support for Lock-Free Data Structures},
    booktitle = {Proceedings of the $20^{th}$ International Symposium on Computer Architecture (ISCA 1993)},
    month = may,
    year = {1993},
    pages = {289--300},
}

@InProceedings{KUDRYAVTSEV-HPC-12,
    author = {Kudryavtsev, Alexander and Koshelev, Vladimir and Pavlovic, Boris and Avetisyan, Arutyun},
    title = {Modern {HPC} cluster virtualization using {KVM} and {P}alacios},
    booktitle = {Proceedings of the Workshop on Cloud Services, Federation, and the
        $8^{th}$ Open Cirrus Summit (FederatedClouds 2012)},
    month = sep,
    year = {2012},
    pages = {1--9},
}

@Manual{CUDA_PROG_GUIDE,
	title = {{CUDA} {C} Programming Guide---Version 6.0},
	month = feb,
	year = {2014},
	organization = {NVIDIA Corporation},
}

@Manual{CUDA_RUNTIME_API,
	title = {{CUDA} Runtime {API}---Version 6.0},
	month = feb,
	year = {2014},
	organization = {NVIDIA Corporation},
}

@Manual{CUDA_DRIVER_API,
	title = {{CUDA} Driver {API}---Version 6.0},
	month = feb,
	year = {2014},
	organization = {NVIDIA Corporation},
}

@Manual{AMD_SYS_MAN,
	organization = {AMD Corporation},
	title = {{AMD64} Architecture Programmer's Manual Volume 2: Systems Programming},
	month = dec,
	year = {2016},
}

@Manual{INTEL_SYS_MAN,
	organization = {Intel Corporation},
	title = {{I}ntel\textsuperscript{\textregistered} 64 and {IA-32} Architectures Software Developer's Manual Volume 3 (3A, 3B \& 3C): System Programming Guide},
	month = dec,
	year = {2016},
}

@Manual{PHI_QUICKSTART,
	organization = {Intel Corporation},
	title = {{I}ntel\textsuperscript{\textregistered} {X}eon {P}hi\texttrademark\ Coprocessor Developer's Quick Start Guide Version 1.7},
}

@Manual{PHI_SYS_PROG,
	organization = {Intel Corporation},
	title = {{I}ntel\textsuperscript{\textregistered} {X}eon {P}hi\texttrademark\ Coprocessor System Software Developer's Guide},
	month = mar,
	year = {2014},
}

@Manual{PHI_ISA_REF,
	organization = {Intel Corporation},
	title = {{I}ntel\textsuperscript{\textregistered} Coprocessor Instruction Set Architecture Reference Manual},
	month = sep,
	year = {2012},
}

	
@Manual{INTEL_ISA_EXT,
	organization = {Intel Corporation},
	title = {{I}ntel\textsuperscript{\textregistered} Architecture Instruction Set Extensions Programming Reference},
	month = dec,
	year = {2016},
}

@Manual{INTEL_BASIC_ARCH,
	organization = {Intel Corporation},
	title = {{I}ntel\textsuperscript{\textregistered} 64 and {IA}-32 Architectures Software Developer's Manual Volume 1: Basic Architecture},
	month = dec,
	year = {2016},
}
	
@TechReport{ALLEN:2007:FORTRESS,
	author = {Allen, Eric and Chase, David and Hallett, Joe and Luchangco, Victor and Maessen, Jan Willem and Ryu, Sukyoung and Steele, Guy L. and Tobin-Hochstadt, Sam},
	title = {The {F}ortress language specification},
	number = {Version 1.0},
	institution = {Sun Microsystems},
	year = {2008},
	month = mar,
}

@InProceedings{XIA:2014:CONCORD,
	author = {Xia, Lei and Hale, Kyle C. and Dinda, Peter},
	title = {{C}on{CORD}: Easily Exploiting Memory Content Redundancy Through the Content-aware Service Command},
	booktitle = {Proceedings of the $23^{rd}$ International Symposium on High-Performance Parallel and Distributed Computing (HPDC 2014)},
	month = jun,
	year = {2014},
}

@TechReport{KALE:1994:CHARM,
	author = {Kal\'{e}, Laxmikant V. and Ramkumar, Balkrishna and Sinha, Amitabh and Gursoy, Attila},
	title = {The {C}harm Parallel Programming Language and System: Part {I}--Description of Language Features},
	year = {1995},
	number = {95-02},
	institution = {Parallel Programming Laboratory, University of Illinois at Urbana-Champaign},
}

@TechReport{KALE:1995:CHARM,
	author = {Kal\'{e}, Laxmikant V. and Ramkumar, Balkrishna and Sinha, Amitabh and Gursoy, Attila},
	title = {The {C}harm Parallel Programming Language and System: Part {II}--The Runtime System},
	year = {1994},
	number = {95-03},
	institution = {Parallel Programming Laboratory, University of Illinois at Urbana-Champaign},
}

@InProceedings{KALE:1993:CHARM,
    author = {Kal\'{e}, Laxmikant V. and Krishnan, Sanjeev},
    title = {{CHARM++}: A Portable Concurrent Object Oriented System Based On
        {C++}},
    booktitle = {Proceedings of the $8^{th}$ Annual Conference on Object-Oriented Programming Systems, Languages, and
        Applications (OOPSLA 1993)}, 
    month = sept,
    year = {1993},
    pages = {91--108},
}


@InProceedings{MEI:2010:CHARM,
    author = {Mei, Chao and Zheng, Gengbin and Gioachin, Filippo and Kal\'{e}, Laxmikant V.},
    title = {Optimizing a Parallel Runtime System for Multicore Clusters: A Case Study},
    booktitle = {Proceedings of the 2010 TeraGrid Conference (TG 2010)},
    year = {2010},
    month = aug,
    pages = {12:1--12:8},
} 

@InProceedings{SWAINE:2012:FUTURES,
    author = {Swaine, James and Fetscher, Burke and St-Amour, Vincent and Findler, Robert Bruce and Flatt, Matthew},
    title = {Seeing the Futures: Profiling Shared-memory Parallel {R}acket},
    booktitle = {Proceedings of the $1^{st}$ ACM SIGPLAN Workshop on Functional High-performance Computing (FHPC 2012)},
    year = {2012},
    month = sep,
} 

@InProceedings{SWAINE:2010:INCPAR,
    author = {Swaine, James and Tew, Kevin and Dinda, Peter and Findler, Robert Bruce and Flatt, Matthew},
    title = {Back to the Futures: Incremental Parallelization of Existing Sequential Runtime Systems},
    booktitle = {Proceedings of the $2^{nd}$ ACM SIGPLAN Conference on Object-Oriented Programming, Systems, Languages, and Applications (OOPSLA 2010)},
    year = {2010},
    month = oct,
    pages = {583--597},
} 

@TechReport{SUSSMAN:1993:PARTI,
    author = {Sussman, Alan and Saltz, Joel},
    title = {A Manual for the Multiblock {PARTI} Runtime Primitives, Revision 4},
    year = {1993},
    institution = {University of Maryland Institute for Advanced Computer Studies},
    number = {UMIACS-TR-93-36},
    address = {College Park, Maryland},
} 

@InProceedings{DAS:1993:CHAOS,
    author = {Das, Raja and Saltz, Joel and Sussman, Alan},
    title = {Applying the {CHAOS/PARTI} Library to Irregular Problems in Computational Chemistry and Computational Aerodynamics},
    booktitle = {Proceedings of the 1993 Scalable Parallel Libraries Conference},
    month = oct,
    year = {1993},
    pages = {45--56},
}

@PhDThesis{SUTHERLAND:1966:DATAFLOW,
	title = {The on-line graphical specification of computer procedures},
	author = {Sutherland, William Robert},
	school = {Massachusetts Institute of Technology},
	advisor = {Shannon, Claude E.},
	month = jan,
	year = {1966},
}

@Article{ARVIND:1990:DATAFLOW,
    author = {Arvind, K. and Nikhil, Rishiyur S.},
    title = {Executing a Program on the {MIT} Tagged-Token Dataflow Architecture},
    journal = {IEEE Transactions on Computers},
    volume = {39},
    number = {3},
    month = mar,
    year = {1990},
    pages = {300--318},
} 

@InProceedings{SMITH:2006:DATAFLOW,
    author = {Smith, Aaron and Nagarajan, Ramadass and Sankaralingam,
    Karthikeyan and McDonald, Robert and Burger, Doug and Keckler, Stephen W.
    and Mc{K}inley, Kathryn S.},
    title = {Dataflow Predication},
    booktitle = {Proceedings of the $39^{th}$ Annual IEEE/ACM International Symposium on Microarchitecture (MICRO 39)},
    year = {2006},
    month = dec,
    pages = {89--102},
} 

@Article{BURGER:2004:EDGE,
    author = {Burger, Doug and Keckler, Stephen W. and Mc{K}inley, Kathryn S. and Dahlin, Mike and John, Lizy K. and Lin, Calvin and Moore, Charles R. and Burrill, James and McDonald, Robert G. and Yoder, William and the TRIPS team},
    title = {Scaling to the End of Silicon with {EDGE} Architectures},
    journal = {IEEE Computer},
    volume = {37},
    number = {7},
    month = jul,
    year = {2004},
    pages = {44--55},
} 

@InProceedings{KHAN:1974:PNETWORKS,
	author = {Kahn, Gilles},
	title = {The Semantics of a Simple Language for Parallel Programming},
	booktitle = {Proceedings of Information Processing (IFIP 1974)},
	month = aug,
	year = {1974},
    pages = {471--475},
}

@Article{HANSEN:1970:MULTIPROG,
    author = {Hansen, Per Brinch},
    title = {The Nucleus of a Multiprogramming System},
    journal = {Communications of the ACM},
    volume = {13},
    number = {4},
    month = apr,
    year = {1970},
    pages = {238--241},
} 

@Book{BACH:1986:DUO,
    author = {Bach, Maurice J.},
    title = {The Design of the {UNIX} Operating System},
    year = {1986},
    publisher = {Prentice Hall},
} 

@PhDThesis{HILLS:1985:CM1,
	author = {Hills, William Daniel},
	title = {The Connection Machine},
	advisor = {Sussman, Gerald},
	month = jun,
	year = {1985},
	school = {Massachusetts Institute of Technology},
}

@TechReport{NEUMANN:1945:EDVAC,
    author = {Neumann, John von},
    title = {First Draft of a Report on the {EDVAC}},
    year = {1945},
    month = jun,
    institution = {University of Pennsylvania},
} 

@TechReport{PRESPER:1946:BUSINESS,
	author = {Eckert, J. Presper and Mauchly, John},
	title = {Outline of Plans for Development of Electronic Computers},
	year = {1946},
	institution = {Eckert-Mauchly Computer Corporation},
}

@InProceedings{CORBATO:1965:MULTICS,
    author = {Corbat\'{o}, F. J. and Vyssotsky, V. A.},
    title = {Introduction and Overview of the Multics System},
    booktitle = {Proceedings of the 1965 Fall Joint Computer Conference, Part I (AFIPS 1965)},
    year = {1965},
    month = nov,
    pages = {185--196},
} 

@Article{ILLIACIV,
	author = {Barnes, George H. and Brown, Richard M. and Kato, Maso and Kuck, David J. and Slotnick, Daniel L. and Stokes, Richard A.},
	title = {The {ILLIAC IV} computer},
	journal = {IEEE Transactions on Computers},
	year = {1968},
	month = aug,
	volume = {C-17},
	number = {8},
	pages = {746--757},
}

@TechReport{INTEL_MULTIPROC_SPEC,
	institution = {Intel Corporation},
	title = {{M}ulti{P}rocessor Specification---version 1.4},
	month = may,
	year = {1997},
}

@TechReport{MULTIBOOT2_SPEC,
	author = {Okuji, Yoshinori K. and Ford, Bryan and Boleyn, Erich Stefan and Ishiguro, Kunihiro},
	institution = {Free Software Foundation, Inc.},
	title = {The Multiboot Specification---version 1.6},
	year = {2010},
}

@InProceedings{TSENG:2011:DTTHREADS,
	author={Tseng, Hung-Wei and Tullsen, Dean M.}, 
	booktitle={Proceedings of the $17^{th}$ International Symposium on High Performance Computer Architecture (HPCA 2011)}, 
	title={Data-triggered threads: Eliminating redundant computation}, 
	year={2011}, 
	month=feb, 
    pages = {181--192},
}

@InProceedings{TSENG:2012:SDTTHREADS,
    author = {Tseng, Hung-Wei and Tullsen, Dean Michael},
    title = {Software Data-triggered Threads},
    booktitle = {Proceedings of the $27^{th}$ ACM SIGPLAN Conference on Object-Oriented
    Programming, Systems, Languages, and Applications (OOPSLA 2012)},
    year = {2012},
    month = oct,
    pages = {703--716},
} 

@InProceedings{BRIGHTWELL:2013:HOBBES,
	author = {Brightwell, Ron and Oldfield, Ron and Maccabe, Arthur B. and Bernholdt, David E.},
	title = {{H}obbes: Composition and Virtualization as the Foundations of an
    Extreme-scale {OS/R}},
	booktitle = {Proceedings of the International Workshop on Runtime and Operating Systems for Supercomputers (ROSS 2013)},
	year = {2013},
	month = jun,
    pages = {2:1--2:8},
}

@InProceedings{FASSINO:2002:THINK,
	author = {Fassino, Jean{-Philippe} and Stefani, Jean{-Bernard} and Lawall, Julia and Muller Gilles},
	title = {{T}hink: A Software Framework for Component-based Operating System Kernels},
	booktitle = {Proceedings of the 2002 USENIX Annual Technical Conference (USENIX ATC 2002)},
	month = jun,
	year = {2002},
}

@InProceedings{BOEHM:2005:THREADS,
    author = {Boehm, Hans{-J.}},
    title = {Threads Cannot Be Implemented As a Library},
    booktitle = {Proceedings of the 2005 ACM SIGPLAN Conference on Programming Language Design and Implementation (PLDI 2005)},
    month = jun,
    year = {2005},
    pages = {261--268},
} 

@Misc{EXTREMEDB,
	author = {McObject},
	title = {eXtreme{DB} Kernel Mode {(KM)}},
	howpublished = {\url{http://www.mcobject.com/kernel_mode_database}},
	note = {Accessed: 2014-08-27},
}

@Article{STONEBRAKER:1981:DBOS,
 author = {Stonebraker, Michael},
 title = {Operating System Support for Database Management},
 journal = {Communications of the ACM},
 volume = {24},
 number = {7},
 month = jul,
 year = {1981},
 pages = {412--418},
} 

@InProceedings{BANGERT:2013:TURINGMMU,
	author = {Julian Bangert and Sergey Bratus and Rebecca Shapiro and Sean W. Smith},
	title = {The Page-Fault Weird Machine: Lessons in Instruction-less Computation},
	booktitle = {Proceedings of the $7^{th}$ USENIX Workshop on Offensive Technologies (WOOT 2013)},
	year = {2013},
	month = aug,
    pages = {13:1--13:9},
}

@InProceedings{BELLARD:2005:QEMU,
	 author = {Bellard, Fabrice},
	 title = {{QEMU}, a Fast and Portable Dynamic Translator},
	 booktitle = {Proceedings of 2005 USENIX Annual Technical Conference (USENIX ATC 2005)},
	 year = {2005},
	 month = apr,
     pages = {41--46},
} 

@InProceedings{WHITE:2002:EMULAB,
    author = {Brian White and Jay Lepreau and Leigh Stoller and
        Robert Ricci and Shashi Guruprasad and Mac Newbold and
            Mike Hibler and Chad Barb and Abhijeet Joglekar},
    title = {An Integrated Experimental Environment for Distributed Systems and Networks},
    booktitle = {Proceedings of the $5^{th}$ USENIX Symposium on Operating Systems Design and Implementation (OSDI 2002)},
    month  = dec,
    year   = {2002},
    pages  = {255--270},
}

@Article{KLIEN:2014:MICROVER,
    journal          = {ACM Transactions on Computer Systems},
    author           = {Klein, Gerwin and Andronick, June and Elphinstone, Kevin and Murray, Toby and Sewell, Thomas and
                        Kolanski, Rafal and Heiser, Gernot},
    number           = {1},
    month            = feb,
    volume           = {32},
    year             = {2014},
    title            = {Comprehensive Formal Verification of an {OS} Microkernel},
    pages            = {2:1-2:70}
 }
 
@InProceedings{ELPHINSTONE:2013:MICROKERNELS,
    author           = {Elphinstone, Kevin and Heiser, Gernot},
    month            = nov,
    year             = {2013},
    title            = {From {L3} to {seL4}---What Have We Learnt in 20 Years of {L4} Microkernels?},
    booktitle        = {Proceedings of the $24^{th}$ ACM Symposium on Operating Systems Principles (SOSP 2013)},
    pages            = {133--150},
}
  
@InProceedings{ZELLWEGER:2014:BARRELFISHDC,
	author = {Gerd Zellweger and Simon Gerber and Kornilios Kourtis and Timothy Roscoe},
	title = {Decoupling Cores, Kernels, and Operating Systems},
	booktitle = {Proceedings of the $11^{th}$ USENIX Symposium on Operating Systems Design and Implementation (OSDI 2014)},
	year = {2014},
	month = oct,
    pages = {17--31},
}
  
@InProceedings{STEINBERG:2010:NOVA,
    author = {Steinberg, Udo and Kauer, Bernhard},
    title = {{NOVA}: A Microhypervisor-based Secure Virtualization Architecture},
    booktitle = {Proceedings of the $5^{th}$ ACM European Conference on Computer Systems (EuroSys 2010)},
    year = {2010},
    month = apr,
    pages = {209--222},
} 

@Article{SHAPIRO:2002:EROS,
	author = {Shapiro, Jonathan S. and Hardy, Norman},
	title = {{EROS}: A Principle-Driven Operating System from the Ground Up},
	journal = {IEEE Software},
	volume = {19},
	number = {1},
	year = {2002},
	month = jan,
	pages = {26--33},
}
 
@Misc{YAGHMOUR:ADEOS,
    author = {Yaghmour, Karim},
    title = {Adaptive Domain Environment for Operating Systems},
    howpublished = {\url{http://www.opersys.com/ftp/pub/Adeos/adeos.pdf}},
}

@InProceedings{Kivity2007,
    author = {Avi Kivity and Yaniv Kamay and Dor Laor and Uri Lublin and Anthony
        Liguori},
    title = {kvm: the {L}inux Virtual Machine Monitor},
    booktitle = {Proceedings of the Linux Symposium},
    year = {2007},
    month = jun,
    pages = {225--230},
}

@Article{POPEK:1974:FORMALVIRT,
    author = {Popek, Gerald J. and Goldberg, Robert P.},
    title = {Formal Requirements for Virtualizable Third Generation Architectures},
    journal = {Communications of the ACM},
    volume = {17},
    number = {7},
    month = jul,
    year = {1974},
    pages = {412--421},
} 

@InProceedings{BUGNION:1997:DISCO,
    author = {Bugnion, Edouard and Devine, Scott and Rosenblum, Mendel},
    title = {{D}isco: Running Commodity Operating Systems on Scalable Multiprocessors},
    booktitle = {Proceedings of the $16^{th}$ Symposium on Operating Systems Principles (SOSP 1997)},
    year = {1997},
    month = oct,
    pages = {143--156},
}

@Article{BUGNION:2012:VMWARE,
    author = {Bugnion, Edouard and Devine, Scott and Rosenblum, Mendel and Sugerman, Jeremy and Wang, Edward Y.},
    title = {Bringing Virtualization to the x86 Architecture with the Original
        {VM}ware Workstation},
    journal = {ACM Transactions on Computer Systems},
    volume = {30},
    number = {4},
    month = nov,
    year = {2012},
    pages = {12:1--12:51},
} 

@InProceedings{OLUKOTUN:1996:CMP,
    author = {Olukotun, Kunle and Nayfeh, Basem A. and Hammond, Lance and Wilson, Ken and Chang, Kunyung},
    title = {The Case for a Single-chip Multiprocessor},
    booktitle = {Proceedings of the $7^{th}$ International Conference on Architectural Support for Programming Languages and Operating Systems (ASPLOS 7)},
    year = {1996},
    month = oct,
    pages = {2--11},
} 

@InProceedings{BWICKIZER:2010:LINUX,
    author = {Boyd{-Wickizer}, Silas and Clements, Austin T. and Mao, Yandong and Pesterev, Aleksey and Kaashoek, M. Frans and Morris, Robert and Zeldovich, Nickolai},
    title = {An Analysis of {L}inux Scalability to Many Cores},
    booktitle = {Proceedings of the $9^{th}$ USENIX Conference on Operating Systems Design and Implementation (OSDI 2010)},
    year = {2010},
    month = oct,
} 

@Article{DENNARDSCALING, 
	author={Dennard, Robert H. and Gaensslen, Fritz H. and Yu, Hwa{-Nien} and
    Rideout, V. Leo and Bassous, Ernest and Le{B}lanc, Andre R.}, 
	journal={IEEE Journal of Solid-State Circuits},
	title={Design Of Ion-implanted {MOSFET}'s with Very Small Physical Dimensions}, 
	year={1974}, 
    month = oct,
    volume = {9},
    number = {5},
    pages = {256--268},
}

@Article{FEITELSON:1992:GANG,
	author = {Feitelson, Dror G. and Rudolph, Larry},
	title = {Gang Scheduling Performance Benefits for Fine-Grain Synchronization},
	journal = {Journal of Parallel and Distributed Computing},
	volume = {16},
	number = {4}, 
	year = {1992},
	month = dec,
	pages = {306--318},
}

@InProceedings{ANDERSON:1991:SCHEDACT,
    author = {Anderson, Thomas E. and Bershad, Brian N. and Lazowska, Edward D. and Levy, Henry M.},
    title = {Scheduler Activations: Effective Kernel Support for the User-level Management of Parallelism},
    booktitle = {Proceedings of the $13^{th}$ ACM Symposium on Operating Systems Principles (SOSP 1991)},
    year = {1991},
    month = oct,
    pages = {95--109},
} 

@InProceedings{MENAGE:2007:LXC,
    title={Adding Generic Process Containers to the {L}inux Kernel},
    author={Menage, Paul B},
    booktitle={Proceedings of the Linux Symposium},
    year = {2007},
    month = jun,
    pages = {45--58},
}

@InProceedings{DESLIGNERIS:2005:VSERVER,
    title={Virtualization of {L}inux based computers: the {L}inux-{VS}erver project},
    author={des Ligneris, Benoit},
    booktitle={Proceedings of the $19^{th}$ International Symposium on High Performance Computing Systems and Applications (HPCS 2005)},
    year={2005},
    month = may,
    pages = {340--346},
}

@InProceedings{BSDJAILS,
    title = {Jails: Confining the omnipotent root},
    author = {Kamp, Poul{-Henning} and Watson, Robert N. M.},
    booktitle = {Proceedings of the $2^{nd}$ International System
        Administration and Networking Conference (SANE 2000)},
    month = may,
    year = {2000},
}

@Article{FRIEDL:2002:CHROOTJAILS,
    title={Go Directly to Jail: Secure Untrusted Applications with Chroot},
    author={Friedl, Steve},
    journal={Linux Magazine},
    year={2002},
    month = dec,
}

@Article{LAGEMAN:2005:SOLARIS,
    title={{S}olaris Containers---What They Are and How to Use Them},
    author={Lageman, Menno},
    journal={Sun BluePrints OnLine},
    year={2005},
    month = may,
}

@Misc{AIX_PARTITIONS,
    title={{AIX} 6.1 Workload Partitions},
    author={Alford, Jack},
    howpublished={\url{http://www.ibm.com/developerworks/aix/library/au-workload}},
    year={2007},
    month = nov,
}

@Misc{ARGO,
	title = {{A}rgo: An exascale operating system},
	author = {Beckman, Pete},
	howpublished={\url{http://www.mcs.anl.gov/project/argo-exascale-operating-system}},
}

@Article{NUMRICH:1998:COARRAY,
    author = {Numrich, Robert W. and Reid, John},
    title = {{C}o-array {F}ortran for Parallel Programming},
    journal = {SIGPLAN Fortran Forum},
    volume = {17},
    number = {2},
    month = aug,
    year = {1998},
    pages = {1--31},
} 

@Article{BLUMOFE:1996:CILK,
    title={{C}ilk: An efficient multithreaded runtime system},
    author={Blumofe, Robert D. and Joerg, Christopher F. and Kuszmaul, Bradley C.
        and Leiserson, Charles E. and Randall, Keith H. and Zhou, Yuli},
    journal={Journal of Parallel and Distributed Computing},
    volume={37},
    number={1},
    pages={55--69},
    year={1996},
}

@InProceedings{LAM:1991:JADE,
    author = {Lam, Monica S. and Rinard, Martin C.},
    title = {Coarse-grain Parallel Programming in {J}ade},
    booktitle = {Proceedings of the $3^{rd}$ ACM SIGPLAN Symposium on Principles and Practice of Parallel Programming (PPoPP 1991)},
    year = {1991},
    month = apr,
    pages = {94--105},
}

@InProceedings{KAISER:2009:PARALLEX,
	author = {Kaiser, Harmut and Brodowicz, Maciej and Sterling, Thomas},
	title = {{P}aralle{X}: An Advanced Parallel Execution Model for Scaling-Impaired Applications},
	booktitle = {Proceedings of the $38^{th}$ International Conference on Parallel Processing Workshops (ICPPW 2009)},
	month = sep,
	year = {2009},
    pages = {394--401},
}
	
@Misc{OPENACC,
  title={The {O}pen{ACC} Application Programming Interface, Version 1.0},
  author={OpenACC Working Group and others},
  year={2011},
  month=nov,
  howpublished={\url{http://www.openacc.org/sites/default/files/OpenACC.1.0_0.pdf}},
}

@Book{BUTTLAR:1996:PTHREADS,
  title={Pthreads programming: A {POSIX} standard for better multiprocessing},
  author={Buttlar, Dick and Farrell, Jacqueline},
  year={1996},
  publisher={O'Reilly Media, Inc.}
}

@Article{DAGUM:1998:OPENMP,
  title={{O}pen{MP}: An Industry-Standard {API} for Shared-Memory Programming},
  author={Dagum, Leonardo and Menon, Ramesh},
  journal={IEEE Computational Science \& Engineering},
  volume={5},
  number={1},
  pages={46--55},
  year={1998},
}

@InProceedings{BAEK:2007:OPENTM,
    title={The {O}pen{TM} Transactional Application Programming Interface},
    author={Baek, Woongki and Minh, Chi Cao and Trautmann, Martin and Kozyrakis, Christos and Olukotun, Kunle},
    booktitle={Proceedings of the $16^{th}$ International Conference on Parallel Architecture and Compilation Techniques (PACT 2007)},
    year={2007},
    month=sep,
    pages = {376--387},
}

@InProceedings{KRIEGER:2006:K42,
    title={{K42}: Building a Complete Operating System},
    author={Krieger, Orran and Auslander, Marc and Rosenburg, Bryan and
        Wisniewski, Robert W. and Xenidis, Jimi and Da Silva, Dilma and Ostrowski, Michal and Appavoo, Jonathan and Butrico, Maria and Mergen, Mark and 
        Waterland, Amos and Uhlig, Volkmar},
    booktitle = {Proceedings of the $1^{st}$ ACM European Conference
        on Computer Systems (EuroSys 2006)},
    year={2006},
    month = apr,
    pages={133--145},
}

@InProceedings{WHEELER:2008:QTHREADS,
    title={{Q}threads: An {API} for Programming with Millions of Lightweight Threads},
    author={Wheeler, Kyle B and Murphy, Richard C and Thain, Douglas},
    booktitle={Proceedings of the $22^{nd}$ International Symposium on Parallel and Distributed Processing (IPDPS 2008)},
    year={2008},
    month = apr,
}

@InProceedings{PAN:2010:LITHE,
    author = {Pan, Heidi and Hindman, Benjamin and Asanovi\'{c}, Krste},
    title = {Composing Parallel Software Efficiently with {L}ithe},
    booktitle = {Proceedings of the 2010 ACM SIGPLAN Conference on Programming Language Design and Implementation (PLDI 2010)},
    month = jun,
    year = {2010},
    pages = {376--387},
}

@InProceedings{JOHNSON:2009:SHOREMT,
    author      = {Johnson, Ryan and Pandis, Ippokratis and Hardavellas,
        Nikos and Ailamaki, Anastasia and Falsafi, Babak},
    booktitle   = {Proceedings of the $12^{th}$ International Conference on Extending Database Technology (EDBT 2009)},
    title       = {Shore-{MT}: A Scalable Storage Manager for the Multicore Era},
    year        = {2009},
    month       = mar,
    pages       = {24--35},
}

@InProceedings{JOHNSON:2007:SHOREMT,
    author      = {Johnson, Ryan and Hardavellas, Nikos and Pandis,
        Ippokratis and Mancheril, Naju and Harizopoulos, Stavros
            and Sabirli, Kivanc and Ailamaki, Anastassia and Falsafi,
        Babak},
    booktitle = {Proceedings of the $33^{rd}$ International Conference on Very Large Data Bases (VLDB 2007)},
    title       = {To Share or Not To Share?},
    year        = {2007},
    month       = sep,
    pages = {351--362},
}

@InProceedings{YANG:2010:TYPESAFEOS,
    author = {Yang, Jean and Hawblitzel, Chris},
    title = {Safe to the Last Instruction: Automated Verification of a Type-safe Operating System},
    booktitle = {Proceedings of the 2010 ACM SIGPLAN Conference on Programming Language Design and Implementation (PLDI 2010)},
    year = {2010},
    month = jun,
    pages = {99--110},
} 

@InProceedings{BRIGHTWELL:2005:SEASTAR,
    author = {Brightwell, Ron and Pedretti, Kevin and Underwood, Keith D.},
    title = {Initial Performance Evaluation of the {C}ray {S}ea{S}tar
    Interconnect},
    booktitle = {Proceedings of the $13^{th}$ Symposium on High Performance
    Interconnects (HOTI 2005)},
    year = {2005},
    month = aug,
    pages = {51--57},
}

@Book{INFINIBAND,
    title={{I}nfiniBand Architecture Specification: Release 1.0},
    author={InfiniBand Trade Association and others},
    year={2000},
    publisher={InfiniBand Trade Association},
}

@InProceedings{GORDON:2012:ELI,
    author = {Gordon, Abel and Amit, Nadav and Har'El, Nadav and Ben{-Yehuda}, Muli and Landau, Alex and Schuster, Assaf and Tsafrir, Dan},
    title = {{ELI}: Bare-metal Performance for {I/O} Virtualization},
    booktitle = {Proceedings of the $17^{th}$ International Conference on Architectural Support for Programming Languages and Operating Systems (ASPLOS 2012)},
    year = {2012},
    month = mar,
    pages = {411--422},
} 

@InProceedings{ZAHARIA:2011:DATAOS,
    author = {Zaharia, Matei and Hindman, Benjamin and Konwinski, Andy and Ghodsi, Ali and Joesph, Anthony D. and Katz, Randy and Shenker, Scott and Stoica, Ion},
    title = {The Datacenter Needs an Operating System},
    booktitle = {Proceedings of the $3^{rd}$ USENIX Conference on Hot Topics in Cloud Computing (HotCloud 2011)},
    year = {2011},
    month = aug,
    pages = {17:1--17:5},
}

@InProceedings{RHODEN:2011:AKAROS,
    author = {Rhoden, Barret and Klues, Kevin and Zhu, David and Brewer, Eric},
    title = {Improving Per-Node Efficiency in the Datacenter with New {OS} Abstractions},
    booktitle = {Proceedings of the $2^{nd}$ ACM Symposium on Cloud Computing (SoCC 2011)},
    year = {2011},
    month = oct,
    pages = {25:1--25:8},
}

@InProceedings{HARRIS:2014:CALLISTO,
    author = {Harris, Tim and Maas, Martin and Marathe, Virendra J.},
    title = {Callisto: Co-scheduling Parallel Runtime Systems},
    booktitle = {Proceedings of the $9^{th}$ ACM European Conference on Computer Systems (EuroSys 2014)},
    year = {2014},
    month = apr,
    pages = {24:1--24:14},
}

@InProceedings{MEMORY-SINKHOLE,
    title = {The Memory Sinkhole},
    author = {Domas, Christopher},
    month = jul,
    booktitle = {Black Hat USA 2015},
    year = 2015,
}

@InProceedings{HALE:2009:SEGGATE,
    author = {Hale, Kyle C. and Grot, Boris and Keckler, Stephen W.},
    title = {Segment Gating for Static Energy Reduction in Networks-on-Chip},
    booktitle = {Proceedings of the $2^{nd}$ International Workshop on Network
        on Chip Architectures (NoCArc 2009)},
    year = {2009},
    month = dec,
    pages = {57--62},
}

@InProceedings{HALE:2016:MULTIVERSE,
    author = {Hale, Kyle C. and Hetland, Conor and Dinda, Peter A.},
    title = {Automatic Hybridization of Runtime Systems},
    booktitle = {Proceedings of the $25^{th}$ ACM International Symposium on
        High-Performance Parallel and Distributed Computing},
    year = {2016},
    month = jun,
    pages = {137--140},
}

@InProceedings{HALE:2017:MULTIVERSE,
    author = {Hale, Kyle C. and Hetland, Conor and Dinda, Peter A.},
    title = {Multiverse: Easy Conversion of Runtime Systems Into OS Kernels via Automatic Hybridization},
    booktitle = {Proceedings of the $14^{th}$ IEEE International Conference on Autonomic Computing (ICAC 2017)},
    year = {2017},
    month = jul,
}

@InProceedings{HALE:2016:HRTHVM,
 author = {Hale, Kyle C and Dinda, Peter A},
 title = {Enabling Hybrid Parallel Runtimes Through Kernel and Virtualization Support},
 booktitle = {Proceedings of the $12^{th}$ ACM SIGPLAN/SIGOPS International Conference on Virtual Execution Environments (VEE 2016)},
 year = {2016},
 month = apr,
 pages = {161--175},
} 

@InProceedings{HALE:2015:NAUTILUS,
    author = {Hale, Kyle C. and Dinda, Peter A.},
    title = {A Case for Transforming Parallel Runtimes Into Operating System Kernels},
    booktitle = {Proceedings of the $24^{th}$ ACM Symposium on High-performance Parallel and Distributed Computing (HPDC 2015)},
    month = jun,
    year = {2015},
}

@TechReport{DONGARRA:HPCG:2013,
    author = {Dongarra, Jack and Heroux, Michael A.},
    title = {Toward a New Metric for Ranking High Performance Computing Systems},
    year = {2013},
    month = jun,
    institution = {University of Tennessee and Sandia National Laboratories},
    number = {SAND2013-4744},
}

@InProceedings{LANKES:2016:HERMIT,
    author = {Lankes, Stefan and Pickartz, Simon and Breitbart, Jens},
    title = {{HermitCore}: A Unikernel for Extreme Scale Computing},
    booktitle = {Proceedings of the $6^{th}$ International Workshop on
        Runtime and Operating Systems for Supercomputers (ROSS 2016)},
    year = {2016},
    month = jun
}
@PhdThesis{KANTEE:2012:RUMP,
    author = {Kantee, Antti},
    title = {The Design and Implementation of the Anykernel and Rump Kernels},
    year = {2012},
    school = {Aalto University},
    address = {Helsinki, Finland},
} 

@InProceedings{SCHATZBERG:2016:EBBRT,
    author = {Dan Schatzberg and James Cadden and Han Dong and Orran Krieger and Jonathan Appavoo},
    title = {{EbbRT}: A Framework for Building Per-Application Library Operating Systems},
    booktitle = {Proceedings of the $12^{th}$ USENIX Symposium on Operating Systems Design and Implementation (OSDI 2016)},
    year = {2016},
	month = oct,
    pages = {671--688},
}

@InProceedings{DEAN:2004:MAPREDUCE,
 author = {Dean, Jeffrey and Ghemawat, Sanjay},
 title = {{MapReduce}: Simplified Data Processing on Large Clusters},
 booktitle = {Proceedings of the $6^{th}$ Symposium on Operating Systems Design and Implementation (OSDI 2004)},
 month = dec,
 year = {2004},
} 

@InProceedings{ZAHARIA:2010:SPARK,
	author = {Zaharia, Matei and Chowdhury, Mosharaf and Franklin, Michael J. and Shenker, Scott and Stoica, Ion},
	title = {Spark: Cluster Computing with Working Sets},
	booktitle = {Proceedings of the $2^{nd}$ USENIX Conference on Hot Topics in Cloud Computing (HotCloud 2010)},
	month = jun,
	year = {2010},
} 

@InProceedings{ABADI:2016:TENSORFLOW,
	title = {{TensorFlow}: A system for large-scale machine learning},
	author  = {Martin Abadi and Paul Barham and Jianmin Chen and Zhifeng Chen and Andy Davis and Jeffrey Dean and Matthieu Devin and Sanjay Ghemawat and Geoffrey Irving and Michael Isard and Manjunath Kudlur and Josh Levenberg and Rajat Monga and Sherry Moore and Derek G. Murray and Benoit Steiner and Paul Tucker and Vijay Vasudevan and Pete Warden and Martin Wicke and Yuan Yu and Xiaoqiang Zheng},
	booktitle = {Proceedings of the $12^{th}$ USENIX Symposium on Operating Systems Design and Implementation (OSDI 2016)},
	year  = {2016},
	month = nov,
	pages = {265--283}
}

@InProceedings{MURRAY:2013:NAIAD,
	author = {Murray, Derek G. and McSherry, Frank and Isaacs, Rebecca and Isard, Michael and Barham, Paul and Abadi, Mart\'{\i}n},
	title = {Naiad: A Timely Dataflow System},
	booktitle = {Proceedings of the $24^{th}$ ACM Symposium on Operating Systems Principles (SOSP 2013)},
	month = nov,
	year = {2013},
	pages = {439--455},
} 

@InProceedings{DINDA:2017:DARKSHADOW,
    author = {Dinda, Peter and Guliani, Akhil},
    title = {Dark Shadows: User-Level Guest/Host {L}inux Process Shadowing},
    booktitle = {Proceedings of the 2017 IEEE International Conference on Cloud Engineering (IC2E 2017)},
    year = {2017},
    month = apr,
}

@Article{KRASKA:2017:LEARNEDIDX,
    author = {Kraska, Tim and Beutel, Alex and Chi, Ed H. and Dean, Jeffrey and Polyzotis, Neoklis},
    title = {The Case for Learned Index Structures},
    year = {2017},
    month = dec,
    archivePrefix = "arXiv",
    eprint = {1712.01208},
}

@InProceedings{YANIV:2016:HASHPTS,
    author = {Yaniv, Idan and Tsafrir, Dan},
    title = {Hash, Don't Cache (the Page Table)},
    booktitle = {Proceedings of the 2016 ACM ACM SIGMETRICS International Conference on Measurement and Modeling of Computer Science (SIGMETRICS 2016)},
    year = {2016},
    month = jun,
    pages = {337--350},
}

@InProceedings{BARR:2010:TRANSCACHE,
    author = {Barr, Thomas W. and Cox, Alan L. and Rixner, Scott},
    title = {Translation Caching: Skip, Don't Walk (the Page Table)},
    booktitle = {Proceedings of the $37^{th}$ Annual International Symposium on Computer Architecture (ISCA 2010)},
    year = {2010},
    month = jun,
    pages = {48--59},
}

@InProceedings{KAMBADUR:2012:INTERFERENCE,
    author = {Kambadur, Melanie and Moseley, Tipp and Hank, Rick and Kim, Martha A.},
    title = {Measuring Interference Between Live Datacenter Applications},
    booktitle = {Proceedings of the International Conference on High Performance Computing, Networking, Storage, and Analysis (SC 2012)},
    year = {2012},
    month = nov,
}

@InProceedings{DELIMITROU:2013:PARAGON,
    author = {Delimitrou, Christina and Kozyrakis, Christos},
    title = {Paragon: {QoS}-aware Scheduling for Heterogeneous Datacenters},
    booktitle = {Proceedings of the $18^{th}$ International Conference on Architectural Support for Programming Languages and Operating Systems (ASPLOS 2013)},
    year = {2013},
    month = mar,
    pages = {77--88},
}

@InProceedings{HOEFLER:2015:BENCHMARKING,
    author = {Hoefler, Torsten and Belli, Roberto},
    title = {Scientific Benchmarking of Parallel Computing Systems: Twelve ways to tell the masses when reporting performance results},
    booktitle = {Proceedings of the International Conference for High Performance Computing, Networking, Storage, and Analysis (SC 2015)},
    year = {2015},
    month = nov,
}

@InProceedings{BRIGHTWELL:2008:SMARTMAP,
    author = {Brightwell, Ron and Pedretti, Kevin and Hudson, Trammell},
    title = {{SMARTMAP}: Operating System Support for Efficient Data Sharing Among Processes on a Multi-Core Processor},
    booktitle = {Proceedings of the 2008 ACM/IEEE Conference on Supercomputing (SC 2008)},
    year = {2008},
    month = nov,
}

@InProceedings{KOCOLOSKI:2015:XEMEM,
    author = {Kocoloski, Brian and Lange, John},
    title = {{XEMEM}: Efficient Shared Memory for Composed Applications on Multi-{OS/R} Exascale Systems},
    booktitle = {Proceedings of the $24^{th}$ International ACM Symposium on High Performance Parallel and Distributed Computing (HPDC 2015)},
    year = {2015},
    month = jun,
}

@InProceedings{ARCANGELI:2009:KSM,
    author = {Arcangeli, Andrea and Eidux, Izik and Wright, Chris},
    title = {Increasing memory density by using {KSM}},
    booktitle = {Proceedings of the Linux Symposium (OLS 2009)},
    year = {2009},
    month = jul,
    pages = {19--28},
}

@InProceedings{TAYLOR:2000:PROPHESY,
    author = {Taylor, Valerie E. and Wu, Xingfu and Geisler, Jonathan and Li,
        Xin and Lan, Zhiling and Stevens, Rick and Hereld, Mark and Judson, Ivan
            R.},
    title = {Prophesy: An Infrastructure for Analyzing and Modeling the
        Performance of Parallel and Distributed Applications},
    booktitle = {Proceedings of the $9^{th}$ International Symposium on
        High Performance Dsitributed Computing (HPDC 2000)},
    year = {2000},
    month = aug,
}

@InProceedings{DINDA:1996:COMPACT,
    author = {Dinda, Peter A. and O'Hallaron, David R.},
    title = {Fast Message Assembly Using Compact Address Relations},
    booktitle = {Proceedings of the ACM SIGMETRICS International Conference on
        Measurement and Modeling of Computer Systems (SIGMETRICS 1996)},
    year = {1996},
    month = may,
    pages = {47--56},
}

@InProceedings{DINDA:2001:PREDICT,
    author = {Dinda, Peter A.},
    title = {Online Prediction of the Running Time of Tasks},
    booktitle = {Proceedings of the $10^{th}$ IEEE International Symposium on
        High Performance Distributed Computing (HPDC 2001)},
    year = {2001},
    month = aug,
}

@InProceedings{AGARWAL:2013:BLINKDB,
    author = {Agarwal, Sameer and Mozafari, Barzan and Panda, Aurojit and
        Milner, Henry and Madden, Samuel and Stoica, Ion},
    title = {{BlinkDB}: Queries with Bounded Errors and Bounded Response Times
        on Very Large Data},
    booktitle = {Proceedings of the $8^{th}$ ACM European Conference on Computer
        Systems (EuroSys 2013)},
    year = {2013},
    month = apr,
    pages = {29--42},
}

@InProceedings{KARAKOSTAS:2015:RMM,
	author = {Karakostas, Vasileios and Gandhi, Jayneel and Ayar, Furkan and Cristal, Adri\'{a}n and Hill, Mark D. and McKinley, Kathryn S. and Nemirovsky, Mario and Swift, Michael M. and \"{U}nsal, Osman},
	title = {Redundant Memory Mappings for Fast Access to Large Memories},
	booktitle = {Proceedings of the $42^{nd}$ Annual International Symposium on Computer Architecture (ISCA 2015)},
	year = {2015},
	month = jun,
	pages = {66--78},
} 

@Article{GANDHI:2016:RANGE,
	author = {Gandhi, Jayneel and Karakostas, Vasileios and Ayar, Furkan and Cristal, Adri\'{a}n and Hill, 
Mark D. and McKinley, Kathryn S. and Nemirovsky, Mario and Swift, Michael M. and \"{U}nsal, Osman S.},
	journal = {IEEE Micro}, 
	title= {Range Translations for Fast Virtual Memory}, 
	year= {2016}, 
	volume = {36}, 
	number = {3}, 
	pages = {118--126}, 
	month = may,
}

@Article{LIEDTKE:1995:SPARSITY,
	author = {Liedtke, Jochen},
	title = {Address Space Sparsity and Fine Granularity},
	journal = {SIGOPS Operating Systems Review},
	volume = {29},
	number = {1},
	month = jan,
	year = {1995},
	pages = {87--90},
} 

@InProceedings{TALLURI:1995:NPT,
	author = {Talluri, Madhusudhan and Hill, Mark D. and Khalidi, Yousef A.},
	title = {A New Page Table for 64-bit Address Spaces},
	booktitle = {Proceedings of the $15^{th}$ ACM Symposium on Operating Systems Principles (SOSP 1995)},
	year = {1995},
	pages = {184--200},
	month = dec,
} 

@InProceedings{MERRIFIELD:2016:PIE,
	author = {Merrifield, Timothy and Taheri, H. Reza},
	title = {Performance Implications of Extended Page Tables on Virtualized x86 Processors},
	booktitle = {Proceedings of the $12^{th}$ ACM SIGPLAN/SIGOPS International Conference on Virtual Execution Environments (VEE 2016)},
	year = {2016},
	month = apr,
	pages = {25--35},
} 

@InProceedings{COX:2017:EAT,
	author = {Cox, Guilherme and Bhattacharjee, Abhishek},
	title = {Efficient Address Translation for Architectures with Multiple Page Sizes},
	booktitle = {Proceedings of the $22^{nd}$ International Conference on Architectural Support for Programming Languages and Operating Systems (ASPLOS 2017)},
	year = {2017},
	month = apr,
	pages = {435--448},
} 

@InProceedings{KARAKOSTAS:2016:ENERGY,
	author = {Karakostas, Vasileios and Gandhi, Jayneel and Cristal, Adri\'{a}n and Hill, Mark D. and McKinley, Kathryn S. and Nemirovsky, Mario and Swift, Michael M. and Unsal, Osman S.}, 
	booktitle = {Proceedings of the IEEE International Symposium on High Performance Computer Architecture (HPCA 2016)}, 
	title = {Energy-Efficient Address Translation}, 
	year = {2016}, 
	month = mar,
	pages = {631--643}, 
}

@Misc{LWN-MMU,
    author = {Corbet, Jonathan},
    title = {Memory Management Notifiers},
    month = jan,
    year = {2008},
    howpublished={\url{https://lwn.net/Articles/266320/}},
}

@InProceedings{SLAUGHTER:2015:REGENT,
    author = {Slaughter, Elliott and Lee, Wonchan and Treichler, Sean and Bauer, Michael and Aiken, Alex},
    title = {Regent: A High-Productivity Programming Language for {HPC} with Logical Regions},
    booktitle = {Proceedings of the International Conference for High Performance Computing, Networking, Storage, and Analysis (SC 2015)},
    month = nov,
    year = {2015},
}

@Article{BEZANSON:2017:JULIA,
	title = {Julia: A Fresh Approach to Numerical Computing},
	author = {Bezanson, Jeff and Edelman, Alan and Karpinski, Stefan and Shah, Viral B.},
	journal = {SIAM Review},
	volume = {59},
	number = {1},
	month = mar,
	year = {2017},
}

@InProceedings{DEVITO:2013:TERRA,
	author = {DeVito, Zachary and Hegarty, James and Aiken, Alex and Hanrahan, Pat and Vitek, Jan},
	title = {Terra: A Multi-stage Language for High-performance Computing},
	booktitle = {Proceedings of the $34^{th}$ ACM SIGPLAN Conference on Programming Language Design and Implementation (PLDI 2013)},
	year = {2013},
	month = jun,
	pages = {105--116},
} 

@Article{STONE:2010:OPENCL,
    author = {Stone, John E. and Gohara, David and Shi, Guochun},
    journal = {Computing in Science Engineering},
    title = {{OpenCL}: A Parallel Programming Standard for Heterogeneous Computing Systems},
    year = {2010},
    volume = {12},
    number = {3},
    pages = {66--73},
    month = may,
}
