
@InProceedings{GICEVA:2016:OS_SUPPORT,
    author = {Giceva, Jana and Zellweger, Gerd and Alonso, Gustavo and Rosco, Timothy},
    title = {Customized {OS} support for data-processing},
    booktitle = {Proceedings of the $12^{th}$ International Workshop on Data Management on New Hardware (DaMoN 2016)},
    year = {2016},
    month = jun,
}

@InProceedings{KOCOLOSKI:2015:PISCES,
    author = {Kocoloski, Brian and Lange, John and Abbasi, Hasan and Bernholdt, David E. and Jones, Terry R. and Dayal, Jai and Evans, Noah and Lang, Michael and
        Lofstead, Jay and Pedretti, Kevin and Bridges, Patrick G.},
    booktitle = {Proceedings of the $5^{th}$ International Workshop on Runtime and Operating Systems for Supercomputers (ROSS 2015)},
    title = {System-Level Support for Composition of Applications},
    year = {2015},
    month = jun,
}
